<TICKER>,<PER>,<DATE>,<TIME>,<LAST>,<VOL>
RTS,0,240506,090000,115420,1
RTS,0,240506,090000,115420,1
RTS,0,240506,090000,115420,1
RTS,0,240506,090000,115410,1
RTS,0,240506,090000,115420,2
RTS,0,240506,090000,115410,3
RTS,0,240506,090000,115410,3
RTS,0,240506,090000,115410,1
RTS,0,240506,090000,115410,1
RTS,0,240506,090000,115410,1
RTS,0,240506,090000,115410,1
RTS,0,240506,090000,115410,1
RTS,0,240506,090000,115410,1
RTS,0,240506,090000,115410,3
RTS,0,240506,090000,115410,1
RTS,0,240506,090000,115410,1
RTS,0,240506,090000,115410,1
RTS,0,240506,090000,115410,1
RTS,0,240506,090000,115400,1
RTS,0,240506,090000,115400,1
RTS,0,240506,090000,115400,1
RTS,0,240506,090000,115390,1
RTS,0,240506,090000,115390,1
RTS,0,240506,090000,115390,1
RTS,0,240506,090000,115390,1
RTS,0,240506,090000,115380,1
RTS,0,240506,090000,115380,1
RTS,0,240506,090000,115380,1
RTS,0,240506,090000,115380,1
RTS,0,240506,090000,115380,1
RTS,0,240506,090000,115370,3
RTS,0,240506,090000,115380,1
RTS,0,240506,090000,115370,1
RTS,0,240506,090000,115430,1
RTS,0,240506,090000,115370,1
RTS,0,240506,090000,115370,1
RTS,0,240506,090000,115370,1
RTS,0,240506,090000,115370,2
RTS,0,240506,090000,115370,4
RTS,0,240506,090000,115370,2
RTS,0,240506,090000,115370,1
RTS,0,240506,090000,115360,1
RTS,0,240506,090000,115360,1
RTS,0,240506,090000,115430,2
RTS,0,240506,090000,115360,2
RTS,0,240506,090000,115350,1
RTS,0,240506,090000,115340,1
RTS,0,240506,090001,115340,1
RTS,0,240506,090001,115340,2
RTS,0,240506,090001,115340,1
RTS,0,240506,090001,115340,1
RTS,0,240506,090001,115340,7
RTS,0,240506,090001,115340,6
RTS,0,240506,090001,115430,1
RTS,0,240506,090002,115380,2
RTS,0,240506,090002,115380,1
RTS,0,240506,090002,115330,1
RTS,0,240506,090002,115330,1
RTS,0,240506,090002,115330,1
RTS,0,240506,090002,115330,1
RTS,0,240506,090002,115330,2
RTS,0,240506,090002,115330,1
RTS,0,240506,090002,115330,4
RTS,0,240506,090002,115330,8
RTS,0,240506,090003,115340,1
RTS,0,240506,090003,115330,3
RTS,0,240506,090003,115390,1
RTS,0,240506,090003,115370,2
RTS,0,240506,090010,115330,1
RTS,0,240506,090010,115340,1
RTS,0,240506,090012,115330,3
RTS,0,240506,090013,115340,2
RTS,0,240506,090014,115330,6
RTS,0,240506,090014,115350,2
RTS,0,240506,090014,115340,1
RTS,0,240506,090014,115350,2
RTS,0,240506,090017,115380,2
RTS,0,240506,090018,115390,2
RTS,0,240506,090029,115370,1
RTS,0,240506,090033,115380,1
RTS,0,240506,090041,115380,1
RTS,0,240506,090041,115370,1
RTS,0,240506,090041,115370,2
RTS,0,240506,090041,115360,1
RTS,0,240506,090041,115350,1
RTS,0,240506,090041,115350,3
RTS,0,240506,090041,115350,3
RTS,0,240506,090041,115350,1
RTS,0,240506,090042,115350,1
RTS,0,240506,090042,115350,1
RTS,0,240506,090043,115380,1
RTS,0,240506,090045,115350,1
RTS,0,240506,090045,115350,1
RTS,0,240506,090046,115350,1
RTS,0,240506,090046,115350,1
RTS,0,240506,090047,115350,2
RTS,0,240506,090052,115350,1
RTS,0,240506,090052,115350,4
RTS,0,240506,090053,115350,3
RTS,0,240506,090053,115350,2
RTS,0,240506,090054,115350,1
RTS,0,240506,090054,115350,4
RTS,0,240506,090054,115350,3
RTS,0,240506,090055,115350,3
RTS,0,240506,090056,115350,4
RTS,0,240506,090107,115380,1
RTS,0,240506,090107,115350,5
RTS,0,240506,090107,115350,4
RTS,0,240506,090108,115380,1
RTS,0,240506,090117,115350,1
RTS,0,240506,090120,115350,2
RTS,0,240506,090124,115380,1
RTS,0,240506,090126,115390,3
RTS,0,240506,090126,115390,1
RTS,0,240506,090126,115390,1
RTS,0,240506,090126,115390,1
RTS,0,240506,090126,115400,3
RTS,0,240506,090126,115400,4
RTS,0,240506,090126,115400,1
RTS,0,240506,090126,115400,1
RTS,0,240506,090126,115410,1
RTS,0,240506,090128,115390,1
RTS,0,240506,090128,115390,1
RTS,0,240506,090128,115380,1
RTS,0,240506,090128,115380,1
RTS,0,240506,090128,115380,1
RTS,0,240506,090131,115410,2
RTS,0,240506,090133,115410,1
RTS,0,240506,090133,115390,1
RTS,0,240506,090133,115390,1
RTS,0,240506,090133,115390,2
RTS,0,240506,090133,115390,1
RTS,0,240506,090137,115390,2
RTS,0,240506,090137,115390,1
RTS,0,240506,090139,115390,1
RTS,0,240506,090139,115380,2
RTS,0,240506,090140,115420,3
RTS,0,240506,090140,115420,1
RTS,0,240506,090145,115410,1
RTS,0,240506,090155,115400,1
RTS,0,240506,090155,115410,1
RTS,0,240506,090200,115390,1
RTS,0,240506,090203,115390,1
RTS,0,240506,090203,115390,1
RTS,0,240506,090204,115390,1
RTS,0,240506,090204,115390,4
RTS,0,240506,090204,115390,6
RTS,0,240506,090204,115390,3
RTS,0,240506,090204,115390,4
RTS,0,240506,090204,115390,4
RTS,0,240506,090204,115390,3
RTS,0,240506,090204,115390,4
RTS,0,240506,090204,115390,1
RTS,0,240506,090204,115390,4
RTS,0,240506,090204,115400,7
RTS,0,240506,090204,115400,1
RTS,0,240506,090204,115400,3
RTS,0,240506,090204,115400,4
RTS,0,240506,090204,115400,1
RTS,0,240506,090205,115400,2
RTS,0,240506,090205,115400,1
RTS,0,240506,090205,115390,1
RTS,0,240506,090205,115390,2
RTS,0,240506,090210,115400,1
RTS,0,240506,090212,115410,1
RTS,0,240506,090212,115410,1
RTS,0,240506,090212,115410,1
RTS,0,240506,090212,115420,2
RTS,0,240506,090214,115400,1
RTS,0,240506,090214,115390,1
RTS,0,240506,090218,115390,1
RTS,0,240506,090235,115410,1
RTS,0,240506,090235,115400,2
RTS,0,240506,090235,115400,3
RTS,0,240506,090235,115400,1
RTS,0,240506,090238,115400,1
RTS,0,240506,090240,115390,3
RTS,0,240506,090247,115390,1
RTS,0,240506,090251,115400,1
RTS,0,240506,090301,115390,3
RTS,0,240506,090301,115390,1
RTS,0,240506,090301,115390,2
RTS,0,240506,090307,115400,1
RTS,0,240506,090307,115400,1
RTS,0,240506,090307,115400,7
RTS,0,240506,090307,115410,1
RTS,0,240506,090307,115410,3
RTS,0,240506,090307,115410,1
RTS,0,240506,090307,115410,1
RTS,0,240506,090307,115420,1
RTS,0,240506,090307,115420,3
RTS,0,240506,090307,115420,1
RTS,0,240506,090307,115420,1
RTS,0,240506,090307,115420,4
RTS,0,240506,090307,115430,3
RTS,0,240506,090307,115430,3
RTS,0,240506,090307,115430,1
RTS,0,240506,090307,115430,4
RTS,0,240506,090307,115430,1
RTS,0,240506,090308,115440,1
RTS,0,240506,090308,115410,3
RTS,0,240506,090308,115440,1
RTS,0,240506,090309,115440,2
RTS,0,240506,090309,115440,3
RTS,0,240506,090319,115450,1
RTS,0,240506,090320,115450,1
RTS,0,240506,090320,115450,1
RTS,0,240506,090320,115450,1
RTS,0,240506,090320,115450,1
RTS,0,240506,090320,115450,1
RTS,0,240506,090320,115450,1
RTS,0,240506,090321,115450,2
RTS,0,240506,090321,115480,1
RTS,0,240506,090321,115480,1
RTS,0,240506,090321,115490,1
RTS,0,240506,090321,115490,1
RTS,0,240506,090321,115490,2
RTS,0,240506,090321,115490,3
RTS,0,240506,090321,115490,4
RTS,0,240506,090321,115490,1
RTS,0,240506,090321,115490,1
RTS,0,240506,090321,115490,1
RTS,0,240506,090321,115490,1
RTS,0,240506,090322,115500,1
RTS,0,240506,090323,115500,1
RTS,0,240506,090327,115500,1
RTS,0,240506,090327,115500,1
RTS,0,240506,090327,115500,1
RTS,0,240506,090327,115500,1
RTS,0,240506,090327,115500,1
RTS,0,240506,090327,115500,1
RTS,0,240506,090327,115500,1
RTS,0,240506,090327,115490,3
RTS,0,240506,090327,115490,3
RTS,0,240506,090327,115500,1
RTS,0,240506,090330,115490,1
RTS,0,240506,090331,115500,1
RTS,0,240506,090332,115500,1
RTS,0,240506,090337,115500,1
RTS,0,240506,090337,115500,1
RTS,0,240506,090337,115500,1
RTS,0,240506,090337,115500,1
RTS,0,240506,090344,115500,1
RTS,0,240506,090346,115490,1
RTS,0,240506,090347,115490,1
RTS,0,240506,090347,115490,1
RTS,0,240506,090347,115490,1
RTS,0,240506,090347,115500,1
RTS,0,240506,090347,115500,2
RTS,0,240506,090348,115480,3
RTS,0,240506,090348,115480,1
RTS,0,240506,090348,115480,1
RTS,0,240506,090357,115480,1
RTS,0,240506,090357,115490,1
RTS,0,240506,090357,115490,1
RTS,0,240506,090357,115490,1
RTS,0,240506,090357,115490,1
RTS,0,240506,090357,115490,2
RTS,0,240506,090357,115490,3
RTS,0,240506,090400,115460,1
RTS,0,240506,090401,115470,1
RTS,0,240506,090405,115470,1
RTS,0,240506,090405,115480,1
RTS,0,240506,090405,115480,1
RTS,0,240506,090405,115480,3
RTS,0,240506,090405,115480,1
RTS,0,240506,090405,115480,3
RTS,0,240506,090405,115480,1
RTS,0,240506,090405,115490,1
RTS,0,240506,090405,115490,1
RTS,0,240506,090405,115490,3
RTS,0,240506,090405,115490,4
RTS,0,240506,090405,115490,1
RTS,0,240506,090405,115490,1
RTS,0,240506,090405,115490,1
RTS,0,240506,090405,115490,2
RTS,0,240506,090405,115490,2
RTS,0,240506,090405,115500,1
RTS,0,240506,090405,115500,4
RTS,0,240506,090405,115500,3
RTS,0,240506,090405,115500,2
RTS,0,240506,090405,115500,1
RTS,0,240506,090405,115500,1
RTS,0,240506,090405,115500,1
RTS,0,240506,090405,115500,2
RTS,0,240506,090405,115500,3
RTS,0,240506,090406,115500,1
RTS,0,240506,090406,115510,1
RTS,0,240506,090406,115510,2
RTS,0,240506,090406,115510,1
RTS,0,240506,090406,115510,1
RTS,0,240506,090406,115500,1
RTS,0,240506,090406,115500,1
RTS,0,240506,090406,115500,1
RTS,0,240506,090406,115500,1
RTS,0,240506,090406,115500,1
RTS,0,240506,090407,115490,2
RTS,0,240506,090408,115500,6
RTS,0,240506,090408,115500,1
RTS,0,240506,090409,115500,1
RTS,0,240506,090411,115500,1
RTS,0,240506,090412,115520,1
RTS,0,240506,090412,115520,1
RTS,0,240506,090412,115520,1
RTS,0,240506,090412,115520,2
RTS,0,240506,090412,115530,1
RTS,0,240506,090412,115520,1
RTS,0,240506,090415,115520,2
RTS,0,240506,090416,115510,1
RTS,0,240506,090416,115510,3
RTS,0,240506,090417,115520,1
RTS,0,240506,090417,115530,1
RTS,0,240506,090417,115530,1
RTS,0,240506,090417,115530,3
RTS,0,240506,090417,115540,1
RTS,0,240506,090417,115540,1
RTS,0,240506,090417,115540,1
RTS,0,240506,090417,115540,1
RTS,0,240506,090417,115540,1
RTS,0,240506,090417,115540,1
RTS,0,240506,090417,115550,1
RTS,0,240506,090419,115550,1
RTS,0,240506,090419,115550,5
RTS,0,240506,090421,115550,1
RTS,0,240506,090422,115540,4
RTS,0,240506,090422,115540,1
RTS,0,240506,090422,115540,1
RTS,0,240506,090422,115530,1
RTS,0,240506,090422,115530,1
RTS,0,240506,090422,115530,1
RTS,0,240506,090422,115540,2
RTS,0,240506,090422,115540,2
RTS,0,240506,090422,115540,1
RTS,0,240506,090422,115520,3
RTS,0,240506,090422,115520,1
RTS,0,240506,090422,115520,1
RTS,0,240506,090422,115510,1
RTS,0,240506,090422,115510,1
RTS,0,240506,090424,115510,2
RTS,0,240506,090424,115510,4
RTS,0,240506,090424,115510,1
RTS,0,240506,090424,115500,1
RTS,0,240506,090427,115500,1
RTS,0,240506,090427,115500,1
RTS,0,240506,090427,115500,1
RTS,0,240506,090427,115490,1
RTS,0,240506,090427,115490,2
RTS,0,240506,090436,115480,1
RTS,0,240506,090436,115480,1
RTS,0,240506,090436,115480,1
RTS,0,240506,090440,115500,3
RTS,0,240506,090440,115500,7
RTS,0,240506,090440,115500,1
RTS,0,240506,090444,115510,1
RTS,0,240506,090452,115500,2
RTS,0,240506,090452,115500,2
RTS,0,240506,090453,115500,2
RTS,0,240506,090453,115500,1
RTS,0,240506,090453,115500,1
RTS,0,240506,090455,115500,2
RTS,0,240506,090455,115500,1
RTS,0,240506,090500,115490,1
RTS,0,240506,090503,115490,1
RTS,0,240506,090504,115490,1
RTS,0,240506,090504,115480,2
RTS,0,240506,090504,115480,1
RTS,0,240506,090504,115480,2
RTS,0,240506,090504,115490,2
RTS,0,240506,090505,115500,1
RTS,0,240506,090505,115490,1
RTS,0,240506,090505,115480,1
RTS,0,240506,090505,115480,2
RTS,0,240506,090505,115480,1
RTS,0,240506,090505,115480,1
RTS,0,240506,090505,115480,3
RTS,0,240506,090505,115480,1
RTS,0,240506,090505,115480,4
RTS,0,240506,090505,115470,3
RTS,0,240506,090505,115470,5
RTS,0,240506,090507,115480,1
RTS,0,240506,090517,115490,5
RTS,0,240506,090518,115490,1
RTS,0,240506,090520,115490,1
RTS,0,240506,090524,115480,1
RTS,0,240506,090537,115480,1
RTS,0,240506,090545,115490,1
RTS,0,240506,090621,115490,1
RTS,0,240506,090658,115490,1
RTS,0,240506,090658,115490,4
RTS,0,240506,090703,115490,2
RTS,0,240506,090712,115490,1
RTS,0,240506,090716,115490,2
RTS,0,240506,090729,115480,1
RTS,0,240506,090729,115480,1
RTS,0,240506,090732,115490,1
RTS,0,240506,090732,115490,3
RTS,0,240506,090732,115490,1
RTS,0,240506,090732,115490,1
RTS,0,240506,090732,115490,1
RTS,0,240506,090732,115490,1
RTS,0,240506,090732,115490,1
RTS,0,240506,090732,115490,1
RTS,0,240506,090732,115490,2
RTS,0,240506,090732,115490,4
RTS,0,240506,090732,115490,5
RTS,0,240506,090750,115490,4
RTS,0,240506,090753,115490,6
RTS,0,240506,090753,115490,4
RTS,0,240506,090753,115500,1
RTS,0,240506,090753,115500,1
RTS,0,240506,090753,115500,1
RTS,0,240506,090753,115500,2
RTS,0,240506,090753,115500,2
RTS,0,240506,090753,115500,4
RTS,0,240506,090753,115500,2
RTS,0,240506,090753,115500,1
RTS,0,240506,090753,115500,1
RTS,0,240506,090753,115500,3
RTS,0,240506,090753,115500,1
RTS,0,240506,090828,115500,1
RTS,0,240506,090828,115500,1
RTS,0,240506,090828,115500,1
RTS,0,240506,090844,115480,2
RTS,0,240506,090844,115480,1
RTS,0,240506,090900,115480,1
RTS,0,240506,090900,115480,1
RTS,0,240506,090922,115470,2
RTS,0,240506,090922,115470,2
RTS,0,240506,090936,115480,4
RTS,0,240506,091000,115480,1
RTS,0,240506,091012,115480,1
RTS,0,240506,091039,115470,3
RTS,0,240506,091043,115470,5
RTS,0,240506,091044,115480,1
RTS,0,240506,091056,115480,1
RTS,0,240506,091105,115470,1
RTS,0,240506,091106,115470,6
RTS,0,240506,091106,115470,1
RTS,0,240506,091106,115470,1
RTS,0,240506,091106,115470,1
RTS,0,240506,091106,115470,1
RTS,0,240506,091106,115470,2
RTS,0,240506,091106,115470,1
RTS,0,240506,091106,115470,1
RTS,0,240506,091106,115470,1
RTS,0,240506,091106,115470,1
RTS,0,240506,091106,115470,1
RTS,0,240506,091106,115470,1
RTS,0,240506,091106,115470,1
RTS,0,240506,091106,115470,1
RTS,0,240506,091117,115460,1
RTS,0,240506,091118,115470,2
RTS,0,240506,091123,115470,2
RTS,0,240506,091123,115470,3
RTS,0,240506,091123,115470,1
RTS,0,240506,091123,115480,1
RTS,0,240506,091133,115470,2
RTS,0,240506,091133,115470,3
RTS,0,240506,091133,115460,1
RTS,0,240506,091141,115480,1
RTS,0,240506,091142,115490,1
RTS,0,240506,091142,115490,1
RTS,0,240506,091142,115490,1
RTS,0,240506,091142,115490,1
RTS,0,240506,091151,115470,1
RTS,0,240506,091213,115480,3
RTS,0,240506,091213,115490,4
RTS,0,240506,091213,115490,1
RTS,0,240506,091213,115490,2
RTS,0,240506,091217,115480,3
RTS,0,240506,091325,115480,1
RTS,0,240506,091325,115480,2
RTS,0,240506,091335,115480,3
RTS,0,240506,091335,115480,1
RTS,0,240506,091335,115480,1
RTS,0,240506,091338,115470,1
RTS,0,240506,091403,115470,1
RTS,0,240506,091421,115470,3
RTS,0,240506,091424,115470,1
RTS,0,240506,091436,115460,1
RTS,0,240506,091459,115460,1
RTS,0,240506,091513,115460,1
RTS,0,240506,091513,115460,1
RTS,0,240506,091513,115460,1
RTS,0,240506,091513,115450,1
RTS,0,240506,091513,115450,2
RTS,0,240506,091513,115440,1
RTS,0,240506,091514,115440,1
RTS,0,240506,091514,115440,1
RTS,0,240506,091514,115440,1
RTS,0,240506,091521,115450,2
RTS,0,240506,091542,115450,1
RTS,0,240506,091619,115450,1
RTS,0,240506,091627,115450,1
RTS,0,240506,091635,115450,1
RTS,0,240506,091642,115440,1
RTS,0,240506,091645,115450,1
RTS,0,240506,091647,115440,1
RTS,0,240506,091647,115440,2
RTS,0,240506,091653,115440,3
RTS,0,240506,091655,115450,1
RTS,0,240506,091702,115440,2
RTS,0,240506,091737,115450,1
RTS,0,240506,091738,115450,1
RTS,0,240506,091741,115450,5
RTS,0,240506,091745,115450,1
RTS,0,240506,091751,115450,1
RTS,0,240506,091753,115450,1
RTS,0,240506,091753,115460,2
RTS,0,240506,091753,115460,1
RTS,0,240506,091753,115460,1
RTS,0,240506,091753,115460,3
RTS,0,240506,091801,115460,4
RTS,0,240506,091801,115470,1
RTS,0,240506,091801,115470,3
RTS,0,240506,091801,115470,1
RTS,0,240506,091801,115470,1
RTS,0,240506,091801,115470,1
RTS,0,240506,091806,115480,3
RTS,0,240506,091806,115480,3
RTS,0,240506,091810,115480,2
RTS,0,240506,091810,115480,1
RTS,0,240506,091810,115480,1
RTS,0,240506,091817,115470,2
RTS,0,240506,091848,115480,3
RTS,0,240506,091848,115480,3
RTS,0,240506,091848,115480,1
RTS,0,240506,091848,115490,3
RTS,0,240506,091848,115490,4
RTS,0,240506,091849,115490,1
RTS,0,240506,091858,115490,1
RTS,0,240506,091910,115490,1
RTS,0,240506,091917,115480,1
RTS,0,240506,091920,115490,1
RTS,0,240506,091921,115480,1
RTS,0,240506,091921,115480,1
RTS,0,240506,091932,115470,1
RTS,0,240506,091932,115470,2
RTS,0,240506,091939,115460,2
RTS,0,240506,091954,115460,3
RTS,0,240506,092001,115460,2
RTS,0,240506,092011,115460,1
RTS,0,240506,092011,115460,2
RTS,0,240506,092011,115460,2
RTS,0,240506,092011,115460,1
RTS,0,240506,092014,115460,5
RTS,0,240506,092014,115460,1
RTS,0,240506,092033,115470,3
RTS,0,240506,092039,115470,1
RTS,0,240506,092045,115470,3
RTS,0,240506,092123,115470,1
RTS,0,240506,092151,115480,1
RTS,0,240506,092344,115490,2
RTS,0,240506,092348,115480,1
RTS,0,240506,092348,115480,1
RTS,0,240506,092348,115470,3
RTS,0,240506,092438,115480,1
RTS,0,240506,092457,115480,1
RTS,0,240506,092457,115480,1
RTS,0,240506,092522,115480,5
RTS,0,240506,092522,115480,2
RTS,0,240506,092527,115490,1
RTS,0,240506,092549,115480,2
RTS,0,240506,092553,115480,2
RTS,0,240506,092553,115480,3
RTS,0,240506,092602,115490,6
RTS,0,240506,092609,115490,3
RTS,0,240506,092629,115490,1
RTS,0,240506,092630,115490,3
RTS,0,240506,092634,115490,1
RTS,0,240506,092718,115480,1
RTS,0,240506,092718,115480,1
RTS,0,240506,092719,115480,1
RTS,0,240506,092721,115490,9
RTS,0,240506,092723,115490,3
RTS,0,240506,092727,115480,6
RTS,0,240506,092727,115480,6
RTS,0,240506,092727,115480,2
RTS,0,240506,092727,115480,2
RTS,0,240506,092727,115480,1
RTS,0,240506,092727,115480,1
RTS,0,240506,092727,115480,1
RTS,0,240506,092744,115470,2
RTS,0,240506,092809,115470,7
RTS,0,240506,092811,115470,1
RTS,0,240506,092828,115470,1
RTS,0,240506,092833,115470,4
RTS,0,240506,092929,115480,1
RTS,0,240506,092944,115490,1
RTS,0,240506,092945,115490,1
RTS,0,240506,092951,115490,2
RTS,0,240506,093004,115490,2
RTS,0,240506,093018,115470,1
RTS,0,240506,093018,115470,2
RTS,0,240506,093022,115470,2
RTS,0,240506,093023,115480,1
RTS,0,240506,093027,115470,4
RTS,0,240506,093030,115480,1
RTS,0,240506,093030,115480,1
RTS,0,240506,093030,115490,4
RTS,0,240506,093034,115470,1
RTS,0,240506,093056,115470,3
RTS,0,240506,093127,115480,2
RTS,0,240506,093127,115480,1
RTS,0,240506,093127,115480,1
RTS,0,240506,093127,115480,3
RTS,0,240506,093152,115490,6
RTS,0,240506,093152,115490,3
RTS,0,240506,093152,115490,2
RTS,0,240506,093153,115500,2
RTS,0,240506,093253,115490,1
RTS,0,240506,093253,115490,1
RTS,0,240506,093312,115490,1
RTS,0,240506,093312,115490,1
RTS,0,240506,093347,115500,1
RTS,0,240506,093347,115500,1
RTS,0,240506,093347,115500,1
RTS,0,240506,093406,115500,1
RTS,0,240506,093406,115500,1
RTS,0,240506,093406,115500,2
RTS,0,240506,093406,115500,1
RTS,0,240506,093406,115500,1
RTS,0,240506,093406,115500,1
RTS,0,240506,093410,115500,1
RTS,0,240506,093414,115500,2
RTS,0,240506,093454,115500,3
RTS,0,240506,093507,115510,2
RTS,0,240506,093507,115510,1
RTS,0,240506,093617,115500,1
RTS,0,240506,093617,115510,1
RTS,0,240506,093618,115510,1
RTS,0,240506,093631,115510,1
RTS,0,240506,093631,115510,1
RTS,0,240506,093700,115500,1
RTS,0,240506,093705,115500,2
RTS,0,240506,093706,115500,1
RTS,0,240506,093731,115500,1
RTS,0,240506,093742,115500,1
RTS,0,240506,093814,115500,1
RTS,0,240506,093819,115500,1
RTS,0,240506,094007,115510,1
RTS,0,240506,094008,115510,1
RTS,0,240506,094020,115500,2
RTS,0,240506,094024,115500,3
RTS,0,240506,094025,115500,1
RTS,0,240506,094025,115500,2
RTS,0,240506,094025,115500,1
RTS,0,240506,094025,115500,1
RTS,0,240506,094025,115500,2
RTS,0,240506,094032,115500,1
RTS,0,240506,094032,115500,1
RTS,0,240506,094032,115490,1
RTS,0,240506,094032,115490,2
RTS,0,240506,094038,115500,1
RTS,0,240506,094040,115490,1
RTS,0,240506,094040,115490,1
RTS,0,240506,094040,115480,1
RTS,0,240506,094040,115480,2
RTS,0,240506,094040,115480,1
RTS,0,240506,094040,115470,1
RTS,0,240506,094118,115470,2
RTS,0,240506,094119,115470,1
RTS,0,240506,094119,115470,1
RTS,0,240506,094126,115480,1
RTS,0,240506,094224,115470,1
RTS,0,240506,094342,115480,1
RTS,0,240506,094342,115480,1
RTS,0,240506,094343,115480,2
RTS,0,240506,094343,115480,2
RTS,0,240506,094343,115480,1
RTS,0,240506,094343,115470,1
RTS,0,240506,094344,115470,1
RTS,0,240506,094344,115470,1
RTS,0,240506,094525,115490,1
RTS,0,240506,094525,115500,3
RTS,0,240506,094525,115500,1
RTS,0,240506,094525,115500,2
RTS,0,240506,094525,115480,1
RTS,0,240506,094608,115480,1
RTS,0,240506,094608,115480,1
RTS,0,240506,094648,115500,1
RTS,0,240506,094649,115490,1
RTS,0,240506,094649,115490,3
RTS,0,240506,094649,115490,2
RTS,0,240506,094649,115490,1
RTS,0,240506,094649,115490,4
RTS,0,240506,094649,115480,1
RTS,0,240506,094649,115480,3
RTS,0,240506,094649,115480,2
RTS,0,240506,094722,115490,2
RTS,0,240506,094722,115490,2
RTS,0,240506,094740,115500,3
RTS,0,240506,094740,115500,1
RTS,0,240506,094755,115500,1
RTS,0,240506,094820,115500,1
RTS,0,240506,094826,115510,1
RTS,0,240506,094828,115510,5
RTS,0,240506,094843,115510,1
RTS,0,240506,094855,115510,1
RTS,0,240506,094900,115510,1
RTS,0,240506,094901,115520,1
RTS,0,240506,094901,115520,1
RTS,0,240506,094901,115520,6
RTS,0,240506,094901,115520,1
RTS,0,240506,094901,115520,1
RTS,0,240506,094901,115520,1
RTS,0,240506,094901,115520,1
RTS,0,240506,094901,115520,1
RTS,0,240506,094901,115520,1
RTS,0,240506,094901,115530,1
RTS,0,240506,094908,115530,1
RTS,0,240506,094920,115520,1
RTS,0,240506,094920,115520,3
RTS,0,240506,094920,115520,2
RTS,0,240506,094950,115530,1
RTS,0,240506,094950,115530,1
RTS,0,240506,094958,115530,2
RTS,0,240506,094958,115540,2
RTS,0,240506,094958,115540,5
RTS,0,240506,094958,115540,3
RTS,0,240506,095019,115530,1
RTS,0,240506,095019,115530,2
RTS,0,240506,095019,115530,13
RTS,0,240506,095019,115530,1
RTS,0,240506,095019,115530,3
RTS,0,240506,095019,115530,4
RTS,0,240506,095019,115530,2
RTS,0,240506,095019,115530,1
RTS,0,240506,095020,115520,1
RTS,0,240506,095020,115520,1
RTS,0,240506,095020,115520,3
RTS,0,240506,095020,115520,1
RTS,0,240506,095024,115530,1
RTS,0,240506,095047,115540,1
RTS,0,240506,095055,115530,1
RTS,0,240506,095058,115530,2
RTS,0,240506,095059,115530,6
RTS,0,240506,095059,115530,1
RTS,0,240506,095126,115540,1
RTS,0,240506,095126,115540,1
RTS,0,240506,095131,115550,6
RTS,0,240506,095132,115550,2
RTS,0,240506,095139,115550,3
RTS,0,240506,095142,115540,2
RTS,0,240506,095142,115540,3
RTS,0,240506,095142,115540,1
RTS,0,240506,095142,115540,1
RTS,0,240506,095142,115540,2
RTS,0,240506,095206,115550,6
RTS,0,240506,095206,115550,4
RTS,0,240506,095206,115550,4
RTS,0,240506,095207,115550,6
RTS,0,240506,095207,115550,1
RTS,0,240506,095207,115550,2
RTS,0,240506,095218,115560,1
RTS,0,240506,095219,115560,1
RTS,0,240506,095219,115560,1
RTS,0,240506,095219,115560,1
RTS,0,240506,095225,115560,1
RTS,0,240506,095231,115550,1
RTS,0,240506,095231,115550,1
RTS,0,240506,095231,115560,1
RTS,0,240506,095235,115560,2
RTS,0,240506,095235,115560,2
RTS,0,240506,095235,115560,1
RTS,0,240506,095238,115560,1
RTS,0,240506,095238,115560,2
RTS,0,240506,095238,115560,1
RTS,0,240506,095238,115560,4
RTS,0,240506,095241,115560,5
RTS,0,240506,095241,115560,1
RTS,0,240506,095243,115560,2
RTS,0,240506,095251,115570,1
RTS,0,240506,095251,115570,1
RTS,0,240506,095251,115570,1
RTS,0,240506,095251,115570,2
RTS,0,240506,095251,115570,1
RTS,0,240506,095251,115570,1
RTS,0,240506,095251,115570,1
RTS,0,240506,095252,115580,5
RTS,0,240506,095252,115580,3
RTS,0,240506,095252,115580,2
RTS,0,240506,095252,115580,3
RTS,0,240506,095252,115580,1
RTS,0,240506,095252,115580,1
RTS,0,240506,095253,115580,1
RTS,0,240506,095255,115590,1
RTS,0,240506,095255,115590,1
RTS,0,240506,095255,115590,3
RTS,0,240506,095302,115590,1
RTS,0,240506,095303,115590,1
RTS,0,240506,095307,115590,1
RTS,0,240506,095309,115590,2
RTS,0,240506,095315,115580,1
RTS,0,240506,095331,115580,1
RTS,0,240506,095334,115590,3
RTS,0,240506,095334,115590,1
RTS,0,240506,095334,115590,1
RTS,0,240506,095336,115590,1
RTS,0,240506,095352,115580,1
RTS,0,240506,095354,115580,1
RTS,0,240506,095354,115590,1
RTS,0,240506,095355,115580,1
RTS,0,240506,095400,115600,1
RTS,0,240506,095400,115600,1
RTS,0,240506,095400,115590,2
RTS,0,240506,095401,115600,1
RTS,0,240506,095434,115610,1
RTS,0,240506,095434,115610,1
RTS,0,240506,095434,115610,1
RTS,0,240506,095435,115610,1
RTS,0,240506,095436,115610,2
RTS,0,240506,095436,115610,1
RTS,0,240506,095436,115620,1
RTS,0,240506,095436,115620,1
RTS,0,240506,095436,115620,1
RTS,0,240506,095436,115620,1
RTS,0,240506,095436,115620,1
RTS,0,240506,095450,115610,3
RTS,0,240506,095456,115610,1
RTS,0,240506,095501,115610,1
RTS,0,240506,095502,115620,3
RTS,0,240506,095532,115610,3
RTS,0,240506,095532,115610,1
RTS,0,240506,095532,115610,3
RTS,0,240506,095532,115610,3
RTS,0,240506,095532,115600,1
RTS,0,240506,095532,115600,1
RTS,0,240506,095532,115600,3
RTS,0,240506,095532,115600,1
RTS,0,240506,095532,115600,2
RTS,0,240506,095533,115600,1
RTS,0,240506,095533,115600,4
RTS,0,240506,095533,115600,2
RTS,0,240506,095537,115600,1
RTS,0,240506,095541,115590,1
RTS,0,240506,095541,115590,1
RTS,0,240506,095542,115590,2
RTS,0,240506,095542,115590,3
RTS,0,240506,095542,115580,3
RTS,0,240506,095542,115580,1
RTS,0,240506,095542,115580,1
RTS,0,240506,095542,115580,4
RTS,0,240506,095542,115580,2
RTS,0,240506,095542,115580,1
RTS,0,240506,095542,115580,1
RTS,0,240506,095542,115580,3
RTS,0,240506,095542,115570,3
RTS,0,240506,095542,115570,1
RTS,0,240506,095542,115570,1
RTS,0,240506,095542,115570,3
RTS,0,240506,095542,115570,1
RTS,0,240506,095542,115570,4
RTS,0,240506,095542,115570,2
RTS,0,240506,095549,115580,2
RTS,0,240506,095549,115570,5
RTS,0,240506,095558,115590,3
RTS,0,240506,095609,115580,1
RTS,0,240506,095609,115590,2
RTS,0,240506,095623,115590,1
RTS,0,240506,095623,115590,1
RTS,0,240506,095623,115590,1
RTS,0,240506,095623,115590,1
RTS,0,240506,095628,115600,1
RTS,0,240506,095628,115600,1
RTS,0,240506,095628,115600,1
RTS,0,240506,095646,115580,1
RTS,0,240506,095646,115580,4
RTS,0,240506,095700,115570,1
RTS,0,240506,095700,115570,1
RTS,0,240506,095705,115570,1
RTS,0,240506,095705,115570,3
RTS,0,240506,095711,115570,4
RTS,0,240506,095711,115580,1
RTS,0,240506,095711,115580,1
RTS,0,240506,095711,115580,1
RTS,0,240506,095726,115590,1
RTS,0,240506,095726,115590,1
RTS,0,240506,095730,115580,1
RTS,0,240506,095742,115580,1
RTS,0,240506,095754,115580,2
RTS,0,240506,095807,115580,1
RTS,0,240506,095812,115580,1
RTS,0,240506,095815,115580,2
RTS,0,240506,095816,115580,2
RTS,0,240506,095820,115570,3
RTS,0,240506,095822,115580,1
RTS,0,240506,095840,115580,2
RTS,0,240506,095840,115590,4
RTS,0,240506,095840,115590,2
RTS,0,240506,095840,115590,2
RTS,0,240506,095840,115590,1
RTS,0,240506,095902,115590,3
RTS,0,240506,095910,115590,6
RTS,0,240506,095910,115590,2
RTS,0,240506,095910,115590,1
RTS,0,240506,095910,115590,1
RTS,0,240506,095910,115590,1
RTS,0,240506,095914,115590,1
RTS,0,240506,095914,115600,1
RTS,0,240506,095918,115610,1
RTS,0,240506,095918,115620,1
RTS,0,240506,095918,115620,1
RTS,0,240506,095918,115620,1
RTS,0,240506,095918,115620,1
RTS,0,240506,095919,115620,1
RTS,0,240506,095919,115620,1
RTS,0,240506,095919,115620,1
RTS,0,240506,095924,115630,2
RTS,0,240506,095924,115630,1
RTS,0,240506,095924,115620,4
RTS,0,240506,095925,115630,2
RTS,0,240506,095925,115640,1
RTS,0,240506,095925,115640,1
RTS,0,240506,095925,115640,1
RTS,0,240506,095925,115640,4
RTS,0,240506,095925,115640,1
RTS,0,240506,095925,115640,3
RTS,0,240506,095926,115640,3
RTS,0,240506,095926,115640,1
RTS,0,240506,095926,115640,2
RTS,0,240506,095947,115640,1
RTS,0,240506,095950,115630,1
RTS,0,240506,095950,115630,1
RTS,0,240506,095950,115620,1
RTS,0,240506,095950,115620,3
RTS,0,240506,095950,115620,4
RTS,0,240506,095950,115610,1
RTS,0,240506,095950,115610,1
RTS,0,240506,095950,115610,1
RTS,0,240506,095950,115610,1
RTS,0,240506,095950,115610,3
RTS,0,240506,095950,115610,4
RTS,0,240506,095950,115610,1
RTS,0,240506,095950,115610,1
RTS,0,240506,095950,115610,1
RTS,0,240506,095950,115610,3
RTS,0,240506,095950,115600,1
RTS,0,240506,095950,115600,1
RTS,0,240506,095951,115620,1
RTS,0,240506,095951,115620,1
RTS,0,240506,100000,115600,1
RTS,0,240506,100000,115600,1
RTS,0,240506,100000,115600,1
RTS,0,240506,100000,115600,2
RTS,0,240506,100000,115600,1
RTS,0,240506,100000,115600,2
RTS,0,240506,100000,115600,4
RTS,0,240506,100000,115600,1
RTS,0,240506,100000,115600,3
RTS,0,240506,100002,115590,4
RTS,0,240506,100002,115590,1
RTS,0,240506,100002,115590,2
RTS,0,240506,100007,115600,1
RTS,0,240506,100007,115610,1
RTS,0,240506,100008,115620,1
RTS,0,240506,100009,115610,2
RTS,0,240506,100010,115610,3
RTS,0,240506,100010,115610,2
RTS,0,240506,100012,115600,1
RTS,0,240506,100012,115600,1
RTS,0,240506,100015,115590,1
RTS,0,240506,100022,115590,1
RTS,0,240506,100024,115590,1
RTS,0,240506,100027,115580,1
RTS,0,240506,100027,115580,1
RTS,0,240506,100030,115580,1
RTS,0,240506,100030,115570,1
RTS,0,240506,100030,115570,3
RTS,0,240506,100031,115570,1
RTS,0,240506,100031,115570,1
RTS,0,240506,100031,115570,3
RTS,0,240506,100031,115570,1
RTS,0,240506,100032,115570,1
RTS,0,240506,100032,115570,1
RTS,0,240506,100032,115560,1
RTS,0,240506,100032,115560,1
RTS,0,240506,100032,115550,2
RTS,0,240506,100032,115550,1
RTS,0,240506,100032,115550,1
RTS,0,240506,100032,115550,1
RTS,0,240506,100033,115540,1
RTS,0,240506,100033,115540,1
RTS,0,240506,100033,115530,1
RTS,0,240506,100033,115530,1
RTS,0,240506,100033,115530,1
RTS,0,240506,100033,115540,1
RTS,0,240506,100033,115540,1
RTS,0,240506,100034,115530,1
RTS,0,240506,100036,115550,1
RTS,0,240506,100036,115550,1
RTS,0,240506,100036,115580,1
RTS,0,240506,100044,115580,1
RTS,0,240506,100044,115580,1
RTS,0,240506,100044,115580,2
RTS,0,240506,100044,115590,4
RTS,0,240506,100047,115580,1
RTS,0,240506,100048,115580,1
RTS,0,240506,100052,115580,1
RTS,0,240506,100052,115580,2
RTS,0,240506,100059,115580,1
RTS,0,240506,100059,115580,1
RTS,0,240506,100059,115580,1
RTS,0,240506,100059,115580,1
RTS,0,240506,100100,115570,1
RTS,0,240506,100100,115570,1
RTS,0,240506,100100,115580,1
RTS,0,240506,100100,115580,1
RTS,0,240506,100100,115560,1
RTS,0,240506,100101,115560,1
RTS,0,240506,100101,115560,4
RTS,0,240506,100101,115560,3
RTS,0,240506,100101,115560,1
RTS,0,240506,100101,115550,1
RTS,0,240506,100102,115550,1
RTS,0,240506,100102,115550,1
RTS,0,240506,100102,115550,1
RTS,0,240506,100102,115540,1
RTS,0,240506,100102,115540,1
RTS,0,240506,100102,115540,5
RTS,0,240506,100102,115540,1
RTS,0,240506,100102,115530,1
RTS,0,240506,100102,115530,1
RTS,0,240506,100102,115530,1
RTS,0,240506,100102,115530,3
RTS,0,240506,100102,115530,1
RTS,0,240506,100102,115530,4
RTS,0,240506,100102,115530,1
RTS,0,240506,100102,115530,1
RTS,0,240506,100102,115530,2
RTS,0,240506,100103,115550,1
RTS,0,240506,100103,115550,3
RTS,0,240506,100103,115550,1
RTS,0,240506,100103,115550,1
RTS,0,240506,100103,115550,3
RTS,0,240506,100103,115560,1
RTS,0,240506,100103,115560,1
RTS,0,240506,100103,115560,3
RTS,0,240506,100103,115560,1
RTS,0,240506,100103,115560,2
RTS,0,240506,100103,115560,1
RTS,0,240506,100103,115560,1
RTS,0,240506,100105,115540,1
RTS,0,240506,100107,115540,1
RTS,0,240506,100107,115540,1
RTS,0,240506,100107,115530,1
RTS,0,240506,100107,115530,1
RTS,0,240506,100107,115530,1
RTS,0,240506,100107,115530,1
RTS,0,240506,100107,115530,1
RTS,0,240506,100107,115530,2
RTS,0,240506,100107,115530,1
RTS,0,240506,100107,115530,1
RTS,0,240506,100107,115520,3
RTS,0,240506,100107,115520,1
RTS,0,240506,100107,115520,1
RTS,0,240506,100107,115520,4
RTS,0,240506,100109,115520,1
RTS,0,240506,100109,115520,1
RTS,0,240506,100109,115520,2
RTS,0,240506,100109,115520,3
RTS,0,240506,100109,115540,1
RTS,0,240506,100109,115540,1
RTS,0,240506,100112,115520,1
RTS,0,240506,100113,115530,1
RTS,0,240506,100113,115540,2
RTS,0,240506,100113,115540,4
RTS,0,240506,100113,115540,1
RTS,0,240506,100113,115540,1
RTS,0,240506,100113,115540,1
RTS,0,240506,100113,115540,1
RTS,0,240506,100113,115540,1
RTS,0,240506,100113,115550,1
RTS,0,240506,100113,115550,1
RTS,0,240506,100113,115550,1
RTS,0,240506,100113,115550,1
RTS,0,240506,100113,115550,1
RTS,0,240506,100113,115550,4
RTS,0,240506,100113,115550,3
RTS,0,240506,100113,115550,1
RTS,0,240506,100113,115550,1
RTS,0,240506,100113,115550,3
RTS,0,240506,100113,115550,2
RTS,0,240506,100113,115560,3
RTS,0,240506,100113,115560,3
RTS,0,240506,100113,115540,1
RTS,0,240506,100116,115560,1
RTS,0,240506,100116,115550,1
RTS,0,240506,100117,115550,1
RTS,0,240506,100118,115550,1
RTS,0,240506,100120,115560,1
RTS,0,240506,100120,115560,3
RTS,0,240506,100121,115560,1
RTS,0,240506,100122,115550,1
RTS,0,240506,100125,115550,4
RTS,0,240506,100126,115540,1
RTS,0,240506,100126,115540,1
RTS,0,240506,100131,115550,1
RTS,0,240506,100134,115550,1
RTS,0,240506,100136,115540,3
RTS,0,240506,100138,115530,1
RTS,0,240506,100138,115530,1
RTS,0,240506,100139,115520,1
RTS,0,240506,100139,115520,1
RTS,0,240506,100142,115520,3
RTS,0,240506,100143,115510,1
RTS,0,240506,100143,115510,1
RTS,0,240506,100143,115510,1
RTS,0,240506,100143,115510,1
RTS,0,240506,100143,115510,1
RTS,0,240506,100144,115510,1
RTS,0,240506,100144,115510,1
RTS,0,240506,100144,115510,1
RTS,0,240506,100144,115510,1
RTS,0,240506,100144,115510,2
RTS,0,240506,100145,115510,1
RTS,0,240506,100146,115500,1
RTS,0,240506,100146,115500,1
RTS,0,240506,100146,115510,1
RTS,0,240506,100146,115520,2
RTS,0,240506,100146,115520,1
RTS,0,240506,100146,115520,2
RTS,0,240506,100146,115510,2
RTS,0,240506,100146,115510,1
RTS,0,240506,100146,115510,3
RTS,0,240506,100146,115500,1
RTS,0,240506,100146,115500,1
RTS,0,240506,100146,115500,1
RTS,0,240506,100146,115500,1
RTS,0,240506,100146,115500,2
RTS,0,240506,100146,115500,4
RTS,0,240506,100146,115510,1
RTS,0,240506,100150,115510,1
RTS,0,240506,100150,115520,1
RTS,0,240506,100152,115500,7
RTS,0,240506,100152,115500,3
RTS,0,240506,100152,115500,2
RTS,0,240506,100152,115500,1
RTS,0,240506,100152,115500,1
RTS,0,240506,100152,115500,1
RTS,0,240506,100152,115500,1
RTS,0,240506,100152,115490,1
RTS,0,240506,100152,115490,1
RTS,0,240506,100152,115490,1
RTS,0,240506,100152,115490,2
RTS,0,240506,100154,115510,1
RTS,0,240506,100154,115510,3
RTS,0,240506,100154,115510,1
RTS,0,240506,100154,115510,1
RTS,0,240506,100154,115510,1
RTS,0,240506,100154,115520,1
RTS,0,240506,100154,115520,4
RTS,0,240506,100154,115520,3
RTS,0,240506,100154,115520,1
RTS,0,240506,100154,115520,1
RTS,0,240506,100154,115520,1
RTS,0,240506,100154,115520,1
RTS,0,240506,100154,115520,1
RTS,0,240506,100154,115520,1
RTS,0,240506,100154,115520,1
RTS,0,240506,100154,115520,2
RTS,0,240506,100154,115530,1
RTS,0,240506,100154,115530,3
RTS,0,240506,100154,115530,1
RTS,0,240506,100154,115530,1
RTS,0,240506,100154,115530,1
RTS,0,240506,100154,115530,1
RTS,0,240506,100154,115530,1
RTS,0,240506,100154,115530,4
RTS,0,240506,100154,115530,1
RTS,0,240506,100154,115530,1
RTS,0,240506,100154,115530,1
RTS,0,240506,100154,115540,1
RTS,0,240506,100156,115520,1
RTS,0,240506,100156,115510,1
RTS,0,240506,100159,115510,1
RTS,0,240506,100202,115510,1
RTS,0,240506,100202,115510,1
RTS,0,240506,100202,115510,1
RTS,0,240506,100204,115510,1
RTS,0,240506,100205,115530,1
RTS,0,240506,100207,115520,2
RTS,0,240506,100209,115510,1
RTS,0,240506,100212,115510,1
RTS,0,240506,100217,115510,1
RTS,0,240506,100217,115510,1
RTS,0,240506,100218,115510,1
RTS,0,240506,100218,115500,1
RTS,0,240506,100218,115500,1
RTS,0,240506,100218,115500,1
RTS,0,240506,100218,115500,1
RTS,0,240506,100219,115510,4
RTS,0,240506,100219,115490,4
RTS,0,240506,100219,115490,2
RTS,0,240506,100219,115490,1
RTS,0,240506,100219,115490,3
RTS,0,240506,100219,115490,1
RTS,0,240506,100219,115480,1
RTS,0,240506,100219,115480,1
RTS,0,240506,100219,115480,1
RTS,0,240506,100219,115480,11
RTS,0,240506,100219,115470,1
RTS,0,240506,100219,115470,1
RTS,0,240506,100219,115470,12
RTS,0,240506,100219,115470,1
RTS,0,240506,100219,115470,1
RTS,0,240506,100219,115470,1
RTS,0,240506,100219,115470,1
RTS,0,240506,100219,115460,1
RTS,0,240506,100220,115460,4
RTS,0,240506,100220,115460,3
RTS,0,240506,100220,115460,5
RTS,0,240506,100220,115460,3
RTS,0,240506,100220,115460,2
RTS,0,240506,100220,115460,1
RTS,0,240506,100220,115460,1
RTS,0,240506,100220,115460,1
RTS,0,240506,100220,115460,1
RTS,0,240506,100220,115460,1
RTS,0,240506,100220,115450,1
RTS,0,240506,100220,115450,1
RTS,0,240506,100220,115450,1
RTS,0,240506,100221,115450,1
RTS,0,240506,100221,115450,1
RTS,0,240506,100221,115450,1
RTS,0,240506,100221,115440,1
RTS,0,240506,100221,115440,1
RTS,0,240506,100221,115440,1
RTS,0,240506,100221,115440,1
RTS,0,240506,100221,115440,1
RTS,0,240506,100221,115440,1
RTS,0,240506,100221,115440,1
RTS,0,240506,100221,115440,2
RTS,0,240506,100221,115440,1
RTS,0,240506,100221,115430,1
RTS,0,240506,100221,115430,3
RTS,0,240506,100221,115430,4
RTS,0,240506,100221,115430,2
RTS,0,240506,100221,115430,19
RTS,0,240506,100221,115430,1
RTS,0,240506,100221,115430,1
RTS,0,240506,100221,115430,2
RTS,0,240506,100221,115420,1
RTS,0,240506,100221,115420,1
RTS,0,240506,100221,115420,1
RTS,0,240506,100221,115420,1
RTS,0,240506,100221,115420,1
RTS,0,240506,100221,115420,1
RTS,0,240506,100221,115420,1
RTS,0,240506,100221,115420,1
RTS,0,240506,100221,115420,3
RTS,0,240506,100221,115420,3
RTS,0,240506,100221,115410,1
RTS,0,240506,100221,115410,1
RTS,0,240506,100221,115410,1
RTS,0,240506,100221,115410,1
RTS,0,240506,100221,115410,2
RTS,0,240506,100222,115420,1
RTS,0,240506,100222,115420,1
RTS,0,240506,100222,115410,2
RTS,0,240506,100222,115410,1
RTS,0,240506,100222,115410,1
RTS,0,240506,100222,115410,1
RTS,0,240506,100225,115420,4
RTS,0,240506,100225,115420,1
RTS,0,240506,100225,115420,1
RTS,0,240506,100225,115430,3
RTS,0,240506,100225,115430,2
RTS,0,240506,100225,115430,2
RTS,0,240506,100225,115430,1
RTS,0,240506,100225,115440,3
RTS,0,240506,100225,115440,4
RTS,0,240506,100225,115440,1
RTS,0,240506,100225,115450,1
RTS,0,240506,100225,115450,1
RTS,0,240506,100225,115470,1
RTS,0,240506,100226,115470,1
RTS,0,240506,100226,115470,1
RTS,0,240506,100226,115460,1
RTS,0,240506,100226,115460,1
RTS,0,240506,100226,115460,1
RTS,0,240506,100226,115480,1
RTS,0,240506,100226,115480,1
RTS,0,240506,100226,115460,2
RTS,0,240506,100226,115460,1
RTS,0,240506,100226,115460,1
RTS,0,240506,100226,115460,2
RTS,0,240506,100226,115460,4
RTS,0,240506,100227,115470,1
RTS,0,240506,100227,115460,1
RTS,0,240506,100227,115450,1
RTS,0,240506,100227,115450,1
RTS,0,240506,100227,115450,1
RTS,0,240506,100228,115470,1
RTS,0,240506,100228,115470,1
RTS,0,240506,100228,115470,1
RTS,0,240506,100230,115450,2
RTS,0,240506,100231,115440,1
RTS,0,240506,100231,115440,1
RTS,0,240506,100231,115440,1
RTS,0,240506,100231,115440,1
RTS,0,240506,100231,115440,1
RTS,0,240506,100231,115440,1
RTS,0,240506,100231,115440,1
RTS,0,240506,100231,115450,1
RTS,0,240506,100231,115460,1
RTS,0,240506,100231,115460,1
RTS,0,240506,100231,115460,3
RTS,0,240506,100231,115460,1
RTS,0,240506,100231,115460,1
RTS,0,240506,100231,115460,1
RTS,0,240506,100231,115460,1
RTS,0,240506,100237,115450,1
RTS,0,240506,100239,115440,1
RTS,0,240506,100239,115440,1
RTS,0,240506,100239,115440,1
RTS,0,240506,100239,115430,2
RTS,0,240506,100239,115430,1
RTS,0,240506,100240,115430,1
RTS,0,240506,100241,115440,1
RTS,0,240506,100242,115430,3
RTS,0,240506,100242,115430,1
RTS,0,240506,100248,115430,1
RTS,0,240506,100251,115430,1
RTS,0,240506,100252,115430,1
RTS,0,240506,100253,115440,1
RTS,0,240506,100253,115440,1
RTS,0,240506,100253,115440,1
RTS,0,240506,100253,115440,1
RTS,0,240506,100253,115450,3
RTS,0,240506,100253,115450,1
RTS,0,240506,100253,115450,4
RTS,0,240506,100253,115450,7
RTS,0,240506,100253,115450,1
RTS,0,240506,100253,115450,1
RTS,0,240506,100253,115450,1
RTS,0,240506,100253,115450,1
RTS,0,240506,100253,115450,1
RTS,0,240506,100253,115460,1
RTS,0,240506,100253,115460,1
RTS,0,240506,100253,115460,3
RTS,0,240506,100253,115460,4
RTS,0,240506,100253,115460,1
RTS,0,240506,100253,115460,1
RTS,0,240506,100253,115460,1
RTS,0,240506,100253,115460,3
RTS,0,240506,100253,115460,1
RTS,0,240506,100253,115460,1
RTS,0,240506,100253,115460,1
RTS,0,240506,100253,115460,2
RTS,0,240506,100253,115470,3
RTS,0,240506,100253,115470,1
RTS,0,240506,100253,115470,1
RTS,0,240506,100253,115470,6
RTS,0,240506,100255,115470,1
RTS,0,240506,100255,115470,1
RTS,0,240506,100257,115480,1
RTS,0,240506,100257,115480,1
RTS,0,240506,100257,115480,1
RTS,0,240506,100257,115480,1
RTS,0,240506,100258,115490,2
RTS,0,240506,100258,115490,1
RTS,0,240506,100258,115490,1
RTS,0,240506,100258,115490,1
RTS,0,240506,100258,115490,1
RTS,0,240506,100258,115500,1
RTS,0,240506,100258,115510,1
RTS,0,240506,100258,115510,2
RTS,0,240506,100258,115510,1
RTS,0,240506,100258,115510,1
RTS,0,240506,100258,115510,5
RTS,0,240506,100258,115520,1
RTS,0,240506,100302,115520,1
RTS,0,240506,100309,115480,2
RTS,0,240506,100309,115490,7
RTS,0,240506,100309,115490,4
RTS,0,240506,100309,115490,3
RTS,0,240506,100309,115500,1
RTS,0,240506,100309,115500,1
RTS,0,240506,100309,115500,3
RTS,0,240506,100309,115500,1
RTS,0,240506,100309,115500,1
RTS,0,240506,100309,115500,1
RTS,0,240506,100309,115500,1
RTS,0,240506,100314,115500,1
RTS,0,240506,100314,115500,1
RTS,0,240506,100314,115500,1
RTS,0,240506,100314,115500,1
RTS,0,240506,100314,115500,2
RTS,0,240506,100315,115490,3
RTS,0,240506,100315,115490,1
RTS,0,240506,100315,115490,1
RTS,0,240506,100321,115490,1
RTS,0,240506,100321,115490,1
RTS,0,240506,100325,115480,1
RTS,0,240506,100325,115480,1
RTS,0,240506,100327,115470,1
RTS,0,240506,100327,115470,1
RTS,0,240506,100327,115460,2
RTS,0,240506,100327,115460,1
RTS,0,240506,100327,115460,1
RTS,0,240506,100327,115460,1
RTS,0,240506,100327,115460,1
RTS,0,240506,100333,115460,1
RTS,0,240506,100337,115460,1
RTS,0,240506,100347,115460,3
RTS,0,240506,100349,115470,1
RTS,0,240506,100354,115470,1
RTS,0,240506,100356,115470,1
RTS,0,240506,100356,115470,1
RTS,0,240506,100356,115470,1
RTS,0,240506,100403,115480,1
RTS,0,240506,100403,115480,1
RTS,0,240506,100403,115480,3
RTS,0,240506,100416,115480,1
RTS,0,240506,100416,115480,1
RTS,0,240506,100416,115480,4
RTS,0,240506,100416,115470,1
RTS,0,240506,100416,115470,1
RTS,0,240506,100416,115470,1
RTS,0,240506,100416,115470,1
RTS,0,240506,100416,115480,1
RTS,0,240506,100418,115480,1
RTS,0,240506,100418,115480,1
RTS,0,240506,100421,115460,1
RTS,0,240506,100421,115460,2
RTS,0,240506,100421,115460,1
RTS,0,240506,100421,115460,1
RTS,0,240506,100421,115460,5
RTS,0,240506,100425,115460,4
RTS,0,240506,100425,115460,2
RTS,0,240506,100426,115450,1
RTS,0,240506,100426,115450,3
RTS,0,240506,100426,115440,1
RTS,0,240506,100426,115440,1
RTS,0,240506,100426,115440,1
RTS,0,240506,100426,115440,1
RTS,0,240506,100426,115440,2
RTS,0,240506,100430,115440,1
RTS,0,240506,100430,115440,2
RTS,0,240506,100430,115440,1
RTS,0,240506,100430,115440,2
RTS,0,240506,100430,115440,4
RTS,0,240506,100436,115430,1
RTS,0,240506,100436,115430,1
RTS,0,240506,100436,115430,12
RTS,0,240506,100436,115420,1
RTS,0,240506,100436,115420,1
RTS,0,240506,100436,115420,9
RTS,0,240506,100436,115420,1
RTS,0,240506,100436,115420,4
RTS,0,240506,100437,115430,2
RTS,0,240506,100441,115430,1
RTS,0,240506,100441,115420,1
RTS,0,240506,100444,115440,1
RTS,0,240506,100448,115430,1
RTS,0,240506,100458,115430,1
RTS,0,240506,100458,115430,1
RTS,0,240506,100458,115430,1
RTS,0,240506,100508,115430,1
RTS,0,240506,100508,115420,1
RTS,0,240506,100508,115420,1
RTS,0,240506,100508,115410,3
RTS,0,240506,100508,115410,2
RTS,0,240506,100509,115410,1
RTS,0,240506,100509,115420,1
RTS,0,240506,100510,115440,1
RTS,0,240506,100518,115420,3
RTS,0,240506,100518,115420,1
RTS,0,240506,100518,115420,2
RTS,0,240506,100520,115430,1
RTS,0,240506,100520,115430,1
RTS,0,240506,100520,115430,1
RTS,0,240506,100520,115440,2
RTS,0,240506,100520,115440,1
RTS,0,240506,100520,115440,1
RTS,0,240506,100526,115440,1
RTS,0,240506,100527,115440,1
RTS,0,240506,100528,115410,1
RTS,0,240506,100529,115410,1
RTS,0,240506,100529,115410,1
RTS,0,240506,100529,115400,1
RTS,0,240506,100529,115400,1
RTS,0,240506,100529,115400,5
RTS,0,240506,100529,115400,1
RTS,0,240506,100529,115400,1
RTS,0,240506,100533,115410,2
RTS,0,240506,100536,115410,1
RTS,0,240506,100540,115410,1
RTS,0,240506,100540,115410,2
RTS,0,240506,100542,115420,2
RTS,0,240506,100543,115420,1
RTS,0,240506,100543,115420,1
RTS,0,240506,100543,115410,1
RTS,0,240506,100543,115410,1
RTS,0,240506,100544,115420,1
RTS,0,240506,100547,115410,2
RTS,0,240506,100547,115410,2
RTS,0,240506,100548,115400,2
RTS,0,240506,100548,115410,4
RTS,0,240506,100548,115420,1
RTS,0,240506,100548,115420,1
RTS,0,240506,100548,115420,1
RTS,0,240506,100548,115420,3
RTS,0,240506,100548,115420,1
RTS,0,240506,100548,115430,1
RTS,0,240506,100548,115430,4
RTS,0,240506,100548,115430,1
RTS,0,240506,100552,115400,2
RTS,0,240506,100552,115400,1
RTS,0,240506,100552,115400,2
RTS,0,240506,100552,115400,2
RTS,0,240506,100558,115400,3
RTS,0,240506,100558,115400,7
RTS,0,240506,100558,115400,1
RTS,0,240506,100558,115400,1
RTS,0,240506,100558,115400,2
RTS,0,240506,100558,115400,2
RTS,0,240506,100558,115400,1
RTS,0,240506,100558,115400,1
RTS,0,240506,100558,115400,1
RTS,0,240506,100558,115400,3
RTS,0,240506,100558,115390,1
RTS,0,240506,100558,115390,3
RTS,0,240506,100558,115390,1
RTS,0,240506,100559,115380,1
RTS,0,240506,100559,115390,1
RTS,0,240506,100559,115380,1
RTS,0,240506,100559,115380,1
RTS,0,240506,100559,115380,1
RTS,0,240506,100602,115370,1
RTS,0,240506,100602,115370,1
RTS,0,240506,100602,115370,1
RTS,0,240506,100602,115370,1
RTS,0,240506,100602,115370,1
RTS,0,240506,100602,115370,1
RTS,0,240506,100602,115370,1
RTS,0,240506,100602,115370,1
RTS,0,240506,100602,115370,1
RTS,0,240506,100602,115370,1
RTS,0,240506,100602,115370,2
RTS,0,240506,100602,115370,1
RTS,0,240506,100602,115370,2
RTS,0,240506,100602,115370,1
RTS,0,240506,100602,115370,1
RTS,0,240506,100602,115370,4
RTS,0,240506,100602,115370,2
RTS,0,240506,100602,115370,2
RTS,0,240506,100602,115360,1
RTS,0,240506,100602,115360,1
RTS,0,240506,100602,115360,1
RTS,0,240506,100602,115360,1
RTS,0,240506,100603,115360,1
RTS,0,240506,100603,115360,4
RTS,0,240506,100603,115360,1
RTS,0,240506,100603,115360,1
RTS,0,240506,100603,115360,1
RTS,0,240506,100603,115350,1
RTS,0,240506,100603,115350,1
RTS,0,240506,100603,115350,1
RTS,0,240506,100603,115350,1
RTS,0,240506,100603,115350,1
RTS,0,240506,100603,115350,1
RTS,0,240506,100603,115360,1
RTS,0,240506,100603,115360,1
RTS,0,240506,100603,115360,2
RTS,0,240506,100603,115360,1
RTS,0,240506,100603,115350,5
RTS,0,240506,100603,115350,4
RTS,0,240506,100603,115350,3
RTS,0,240506,100603,115350,1
RTS,0,240506,100603,115350,1
RTS,0,240506,100603,115350,1
RTS,0,240506,100603,115350,3
RTS,0,240506,100603,115350,1
RTS,0,240506,100603,115350,2
RTS,0,240506,100603,115350,2
RTS,0,240506,100603,115350,1
RTS,0,240506,100603,115340,8
RTS,0,240506,100603,115350,1
RTS,0,240506,100603,115350,2
RTS,0,240506,100603,115350,1
RTS,0,240506,100603,115350,1
RTS,0,240506,100603,115340,9
RTS,0,240506,100603,115340,1
RTS,0,240506,100603,115340,1
RTS,0,240506,100604,115340,1
RTS,0,240506,100604,115340,1
RTS,0,240506,100604,115340,9
RTS,0,240506,100605,115340,1
RTS,0,240506,100605,115340,1
RTS,0,240506,100606,115340,1
RTS,0,240506,100606,115350,1
RTS,0,240506,100606,115350,3
RTS,0,240506,100606,115360,2
RTS,0,240506,100606,115360,1
RTS,0,240506,100607,115370,1
RTS,0,240506,100607,115370,2
RTS,0,240506,100607,115370,1
RTS,0,240506,100607,115370,1
RTS,0,240506,100607,115370,1
RTS,0,240506,100607,115370,1
RTS,0,240506,100607,115370,1
RTS,0,240506,100614,115370,1
RTS,0,240506,100617,115360,1
RTS,0,240506,100622,115340,1
RTS,0,240506,100622,115340,1
RTS,0,240506,100622,115340,1
RTS,0,240506,100622,115340,1
RTS,0,240506,100629,115340,5
RTS,0,240506,100629,115340,1
RTS,0,240506,100630,115350,1
RTS,0,240506,100630,115340,1
RTS,0,240506,100631,115350,1
RTS,0,240506,100632,115350,1
RTS,0,240506,100633,115340,1
RTS,0,240506,100634,115340,1
RTS,0,240506,100634,115340,3
RTS,0,240506,100634,115330,1
RTS,0,240506,100634,115330,4
RTS,0,240506,100634,115330,1
RTS,0,240506,100634,115330,2
RTS,0,240506,100634,115330,1
RTS,0,240506,100634,115330,1
RTS,0,240506,100634,115330,1
RTS,0,240506,100634,115330,1
RTS,0,240506,100634,115330,1
RTS,0,240506,100634,115330,1
RTS,0,240506,100634,115320,1
RTS,0,240506,100634,115320,21
RTS,0,240506,100635,115320,1
RTS,0,240506,100635,115320,20
RTS,0,240506,100635,115320,24
RTS,0,240506,100635,115320,46
RTS,0,240506,100635,115320,8
RTS,0,240506,100635,115320,1
RTS,0,240506,100635,115320,1
RTS,0,240506,100635,115320,1
RTS,0,240506,100635,115320,5
RTS,0,240506,100635,115310,1
RTS,0,240506,100635,115310,4
RTS,0,240506,100635,115310,1
RTS,0,240506,100635,115310,1
RTS,0,240506,100635,115310,1
RTS,0,240506,100635,115310,2
RTS,0,240506,100635,115310,5
RTS,0,240506,100635,115300,5
RTS,0,240506,100635,115300,1
RTS,0,240506,100635,115300,1
RTS,0,240506,100635,115300,1
RTS,0,240506,100635,115290,2
RTS,0,240506,100635,115290,3
RTS,0,240506,100635,115290,1
RTS,0,240506,100635,115290,1
RTS,0,240506,100635,115290,3
RTS,0,240506,100635,115290,1
RTS,0,240506,100635,115290,1
RTS,0,240506,100635,115290,4
RTS,0,240506,100635,115290,1
RTS,0,240506,100635,115290,1
RTS,0,240506,100635,115290,1
RTS,0,240506,100635,115290,1
RTS,0,240506,100635,115290,4
RTS,0,240506,100635,115280,1
RTS,0,240506,100635,115280,5
RTS,0,240506,100635,115280,1
RTS,0,240506,100635,115280,1
RTS,0,240506,100635,115280,1
RTS,0,240506,100635,115280,1
RTS,0,240506,100635,115270,1
RTS,0,240506,100635,115280,1
RTS,0,240506,100635,115270,1
RTS,0,240506,100635,115270,1
RTS,0,240506,100635,115270,2
RTS,0,240506,100635,115260,1
RTS,0,240506,100635,115260,1
RTS,0,240506,100635,115260,1
RTS,0,240506,100635,115260,1
RTS,0,240506,100635,115260,3
RTS,0,240506,100635,115260,1
RTS,0,240506,100635,115260,1
RTS,0,240506,100635,115260,1
RTS,0,240506,100635,115260,1
RTS,0,240506,100635,115260,1
RTS,0,240506,100635,115260,1
RTS,0,240506,100635,115260,10
RTS,0,240506,100635,115250,1
RTS,0,240506,100635,115250,1
RTS,0,240506,100635,115250,1
RTS,0,240506,100635,115250,2
RTS,0,240506,100635,115250,1
RTS,0,240506,100635,115250,5
RTS,0,240506,100635,115250,1
RTS,0,240506,100635,115250,3
RTS,0,240506,100635,115250,4
RTS,0,240506,100635,115250,1
RTS,0,240506,100635,115250,2
RTS,0,240506,100635,115240,1
RTS,0,240506,100635,115240,1
RTS,0,240506,100635,115240,1
RTS,0,240506,100635,115240,1
RTS,0,240506,100635,115240,4
RTS,0,240506,100635,115240,3
RTS,0,240506,100635,115240,1
RTS,0,240506,100635,115240,1
RTS,0,240506,100635,115240,3
RTS,0,240506,100635,115240,2
RTS,0,240506,100635,115240,1
RTS,0,240506,100635,115230,1
RTS,0,240506,100635,115230,7
RTS,0,240506,100635,115260,1
RTS,0,240506,100635,115260,4
RTS,0,240506,100635,115260,1
RTS,0,240506,100635,115260,1
RTS,0,240506,100635,115260,1
RTS,0,240506,100635,115260,1
RTS,0,240506,100635,115260,1
RTS,0,240506,100635,115260,1
RTS,0,240506,100635,115250,1
RTS,0,240506,100635,115250,5
RTS,0,240506,100635,115250,1
RTS,0,240506,100635,115240,1
RTS,0,240506,100635,115250,1
RTS,0,240506,100635,115250,1
RTS,0,240506,100635,115250,1
RTS,0,240506,100635,115250,1
RTS,0,240506,100635,115240,1
RTS,0,240506,100635,115240,4
RTS,0,240506,100635,115240,3
RTS,0,240506,100635,115240,1
RTS,0,240506,100635,115240,1
RTS,0,240506,100635,115240,4
RTS,0,240506,100635,115230,1
RTS,0,240506,100635,115230,2
RTS,0,240506,100635,115250,1
RTS,0,240506,100635,115240,1
RTS,0,240506,100635,115230,2
RTS,0,240506,100635,115230,3
RTS,0,240506,100635,115230,1
RTS,0,240506,100635,115230,1
RTS,0,240506,100635,115220,1
RTS,0,240506,100635,115240,1
RTS,0,240506,100635,115240,1
RTS,0,240506,100635,115240,1
RTS,0,240506,100635,115240,2
RTS,0,240506,100635,115240,1
RTS,0,240506,100635,115230,1
RTS,0,240506,100635,115230,1
RTS,0,240506,100635,115230,1
RTS,0,240506,100635,115230,2
RTS,0,240506,100635,115230,4
RTS,0,240506,100635,115230,3
RTS,0,240506,100635,115220,1
RTS,0,240506,100635,115220,1
RTS,0,240506,100635,115220,1
RTS,0,240506,100635,115220,1
RTS,0,240506,100635,115230,1
RTS,0,240506,100636,115230,1
RTS,0,240506,100636,115230,1
RTS,0,240506,100636,115230,1
RTS,0,240506,100636,115240,2
RTS,0,240506,100636,115240,6
RTS,0,240506,100636,115240,4
RTS,0,240506,100636,115240,1
RTS,0,240506,100636,115240,2
RTS,0,240506,100636,115240,1
RTS,0,240506,100636,115250,1
RTS,0,240506,100636,115250,3
RTS,0,240506,100636,115250,4
RTS,0,240506,100636,115250,1
RTS,0,240506,100636,115260,1
RTS,0,240506,100636,115260,3
RTS,0,240506,100636,115260,1
RTS,0,240506,100636,115260,1
RTS,0,240506,100636,115260,4
RTS,0,240506,100636,115260,1
RTS,0,240506,100636,115260,1
RTS,0,240506,100636,115260,2
RTS,0,240506,100636,115270,1
RTS,0,240506,100636,115270,2
RTS,0,240506,100636,115270,1
RTS,0,240506,100636,115270,1
RTS,0,240506,100636,115270,1
RTS,0,240506,100636,115280,1
RTS,0,240506,100636,115270,1
RTS,0,240506,100636,115270,3
RTS,0,240506,100636,115270,3
RTS,0,240506,100636,115280,1
RTS,0,240506,100637,115270,2
RTS,0,240506,100637,115260,3
RTS,0,240506,100637,115260,1
RTS,0,240506,100637,115260,1
RTS,0,240506,100637,115260,1
RTS,0,240506,100637,115250,4
RTS,0,240506,100640,115250,1
RTS,0,240506,100640,115250,1
RTS,0,240506,100640,115250,1
RTS,0,240506,100640,115250,1
RTS,0,240506,100640,115250,1
RTS,0,240506,100640,115250,1
RTS,0,240506,100640,115250,1
RTS,0,240506,100640,115240,1
RTS,0,240506,100640,115240,1
RTS,0,240506,100641,115240,1
RTS,0,240506,100641,115250,1
RTS,0,240506,100643,115250,1
RTS,0,240506,100645,115240,1
RTS,0,240506,100646,115250,1
RTS,0,240506,100646,115240,1
RTS,0,240506,100646,115240,1
RTS,0,240506,100648,115220,1
RTS,0,240506,100649,115220,1
RTS,0,240506,100650,115230,1
RTS,0,240506,100650,115240,1
RTS,0,240506,100652,115220,1
RTS,0,240506,100652,115220,2
RTS,0,240506,100653,115230,1
RTS,0,240506,100653,115210,1
RTS,0,240506,100653,115230,1
RTS,0,240506,100653,115230,2
RTS,0,240506,100653,115220,2
RTS,0,240506,100653,115220,2
RTS,0,240506,100654,115230,1
RTS,0,240506,100655,115210,1
RTS,0,240506,100657,115230,2
RTS,0,240506,100658,115220,1
RTS,0,240506,100658,115220,2
RTS,0,240506,100659,115230,1
RTS,0,240506,100701,115220,1
RTS,0,240506,100702,115230,1
RTS,0,240506,100702,115230,1
RTS,0,240506,100704,115240,1
RTS,0,240506,100704,115240,1
RTS,0,240506,100704,115240,4
RTS,0,240506,100704,115240,1
RTS,0,240506,100704,115250,4
RTS,0,240506,100704,115250,1
RTS,0,240506,100704,115250,1
RTS,0,240506,100704,115250,7
RTS,0,240506,100704,115250,1
RTS,0,240506,100704,115250,1
RTS,0,240506,100704,115260,1
RTS,0,240506,100704,115260,3
RTS,0,240506,100704,115260,1
RTS,0,240506,100704,115260,1
RTS,0,240506,100704,115260,1
RTS,0,240506,100704,115260,1
RTS,0,240506,100704,115260,1
RTS,0,240506,100704,115260,1
RTS,0,240506,100704,115260,1
RTS,0,240506,100704,115260,1
RTS,0,240506,100704,115270,1
RTS,0,240506,100704,115270,1
RTS,0,240506,100704,115270,1
RTS,0,240506,100704,115270,1
RTS,0,240506,100704,115270,1
RTS,0,240506,100704,115270,1
RTS,0,240506,100704,115260,1
RTS,0,240506,100704,115270,1
RTS,0,240506,100704,115270,1
RTS,0,240506,100704,115270,1
RTS,0,240506,100704,115270,1
RTS,0,240506,100704,115270,1
RTS,0,240506,100704,115270,1
RTS,0,240506,100704,115270,1
RTS,0,240506,100704,115270,2
RTS,0,240506,100704,115280,1
RTS,0,240506,100704,115280,1
RTS,0,240506,100704,115280,2
RTS,0,240506,100704,115280,1
RTS,0,240506,100704,115280,1
RTS,0,240506,100704,115280,1
RTS,0,240506,100704,115270,1
RTS,0,240506,100704,115290,3
RTS,0,240506,100704,115290,1
RTS,0,240506,100704,115290,4
RTS,0,240506,100704,115290,1
RTS,0,240506,100704,115290,6
RTS,0,240506,100704,115290,4
RTS,0,240506,100704,115290,1
RTS,0,240506,100704,115280,1
RTS,0,240506,100704,115290,1
RTS,0,240506,100704,115290,1
RTS,0,240506,100704,115280,1
RTS,0,240506,100704,115300,3
RTS,0,240506,100704,115300,1
RTS,0,240506,100704,115300,1
RTS,0,240506,100704,115300,1
RTS,0,240506,100704,115300,1
RTS,0,240506,100704,115300,1
RTS,0,240506,100704,115290,1
RTS,0,240506,100704,115300,1
RTS,0,240506,100704,115310,1
RTS,0,240506,100704,115310,1
RTS,0,240506,100704,115310,1
RTS,0,240506,100704,115310,2
RTS,0,240506,100704,115320,1
RTS,0,240506,100704,115330,1
RTS,0,240506,100706,115320,1
RTS,0,240506,100706,115320,1
RTS,0,240506,100706,115320,1
RTS,0,240506,100706,115310,1
RTS,0,240506,100706,115310,1
RTS,0,240506,100708,115300,1
RTS,0,240506,100712,115310,1
RTS,0,240506,100718,115300,1
RTS,0,240506,100718,115300,1
RTS,0,240506,100718,115300,1
RTS,0,240506,100721,115290,1
RTS,0,240506,100721,115280,1
RTS,0,240506,100721,115290,1
RTS,0,240506,100722,115290,1
RTS,0,240506,100730,115290,2
RTS,0,240506,100730,115290,1
RTS,0,240506,100735,115290,7
RTS,0,240506,100735,115290,12
RTS,0,240506,100735,115290,1
RTS,0,240506,100735,115290,2
RTS,0,240506,100735,115290,7
RTS,0,240506,100735,115290,1
RTS,0,240506,100737,115300,3
RTS,0,240506,100737,115300,1
RTS,0,240506,100741,115300,1
RTS,0,240506,100742,115290,1
RTS,0,240506,100742,115290,1
RTS,0,240506,100742,115290,1
RTS,0,240506,100744,115300,1
RTS,0,240506,100745,115300,4
RTS,0,240506,100751,115300,1
RTS,0,240506,100751,115300,1
RTS,0,240506,100751,115300,6
RTS,0,240506,100751,115310,2
RTS,0,240506,100751,115310,2
RTS,0,240506,100751,115310,1
RTS,0,240506,100751,115310,11
RTS,0,240506,100751,115310,1
RTS,0,240506,100751,115310,10
RTS,0,240506,100751,115310,1
RTS,0,240506,100751,115310,2
RTS,0,240506,100751,115320,1
RTS,0,240506,100751,115320,1
RTS,0,240506,100751,115320,1
RTS,0,240506,100751,115320,1
RTS,0,240506,100751,115330,3
RTS,0,240506,100751,115330,1
RTS,0,240506,100751,115330,1
RTS,0,240506,100751,115330,1
RTS,0,240506,100751,115330,1
RTS,0,240506,100751,115340,2
RTS,0,240506,100751,115340,1
RTS,0,240506,100751,115350,1
RTS,0,240506,100751,115350,1
RTS,0,240506,100751,115350,1
RTS,0,240506,100751,115350,1
RTS,0,240506,100751,115350,1
RTS,0,240506,100752,115350,1
RTS,0,240506,100752,115350,1
RTS,0,240506,100752,115350,2
RTS,0,240506,100752,115350,2
RTS,0,240506,100753,115350,1
RTS,0,240506,100757,115360,1
RTS,0,240506,100757,115360,1
RTS,0,240506,100757,115360,1
RTS,0,240506,100757,115360,2
RTS,0,240506,100757,115360,1
RTS,0,240506,100804,115370,6
RTS,0,240506,100804,115370,2
RTS,0,240506,100806,115380,1
RTS,0,240506,100806,115380,1
RTS,0,240506,100806,115380,1
RTS,0,240506,100806,115380,1
RTS,0,240506,100806,115390,1
RTS,0,240506,100806,115390,1
RTS,0,240506,100806,115390,1
RTS,0,240506,100806,115390,1
RTS,0,240506,100806,115400,1
RTS,0,240506,100806,115400,1
RTS,0,240506,100806,115400,4
RTS,0,240506,100806,115400,5
RTS,0,240506,100806,115400,2
RTS,0,240506,100806,115400,1
RTS,0,240506,100806,115400,1
RTS,0,240506,100806,115400,1
RTS,0,240506,100806,115410,1
RTS,0,240506,100806,115410,1
RTS,0,240506,100806,115410,1
RTS,0,240506,100806,115410,1
RTS,0,240506,100806,115410,1
RTS,0,240506,100806,115420,1
RTS,0,240506,100806,115420,1
RTS,0,240506,100807,115420,1
RTS,0,240506,100807,115420,2
RTS,0,240506,100807,115420,10
RTS,0,240506,100807,115420,1
RTS,0,240506,100807,115420,1
RTS,0,240506,100807,115420,1
RTS,0,240506,100807,115420,1
RTS,0,240506,100807,115420,1
RTS,0,240506,100807,115420,1
RTS,0,240506,100807,115420,1
RTS,0,240506,100807,115430,1
RTS,0,240506,100807,115420,1
RTS,0,240506,100807,115430,1
RTS,0,240506,100807,115440,1
RTS,0,240506,100807,115440,1
RTS,0,240506,100807,115440,1
RTS,0,240506,100807,115440,1
RTS,0,240506,100807,115440,1
RTS,0,240506,100808,115430,1
RTS,0,240506,100808,115420,1
RTS,0,240506,100808,115420,3
RTS,0,240506,100808,115420,1
RTS,0,240506,100808,115410,5
RTS,0,240506,100808,115410,1
RTS,0,240506,100809,115410,1
RTS,0,240506,100809,115410,1
RTS,0,240506,100809,115400,1
RTS,0,240506,100809,115400,1
RTS,0,240506,100809,115400,1
RTS,0,240506,100809,115400,1
RTS,0,240506,100809,115400,1
RTS,0,240506,100809,115400,1
RTS,0,240506,100809,115400,1
RTS,0,240506,100809,115390,1
RTS,0,240506,100809,115390,1
RTS,0,240506,100809,115400,1
RTS,0,240506,100809,115390,1
RTS,0,240506,100809,115390,1
RTS,0,240506,100809,115390,1
RTS,0,240506,100810,115390,2
RTS,0,240506,100810,115390,1
RTS,0,240506,100810,115390,3
RTS,0,240506,100812,115410,1
RTS,0,240506,100815,115420,1
RTS,0,240506,100821,115420,1
RTS,0,240506,100821,115430,1
RTS,0,240506,100823,115410,2
RTS,0,240506,100823,115410,1
RTS,0,240506,100823,115410,6
RTS,0,240506,100823,115410,1
RTS,0,240506,100823,115410,1
RTS,0,240506,100826,115390,1
RTS,0,240506,100829,115390,1
RTS,0,240506,100829,115400,1
RTS,0,240506,100836,115400,1
RTS,0,240506,100843,115410,1
RTS,0,240506,100844,115410,1
RTS,0,240506,100844,115410,2
RTS,0,240506,100844,115420,1
RTS,0,240506,100844,115430,1
RTS,0,240506,100844,115430,2
RTS,0,240506,100844,115430,1
RTS,0,240506,100844,115430,1
RTS,0,240506,100856,115430,1
RTS,0,240506,100856,115430,10
RTS,0,240506,100856,115430,5
RTS,0,240506,100856,115430,1
RTS,0,240506,100856,115430,1
RTS,0,240506,100856,115430,2
RTS,0,240506,100856,115430,1
RTS,0,240506,100857,115430,1
RTS,0,240506,100900,115430,1
RTS,0,240506,100900,115430,1
RTS,0,240506,100900,115430,1
RTS,0,240506,100901,115430,1
RTS,0,240506,100901,115430,1
RTS,0,240506,100901,115430,1
RTS,0,240506,100901,115420,1
RTS,0,240506,100901,115420,1
RTS,0,240506,100901,115430,1
RTS,0,240506,100901,115430,1
RTS,0,240506,100901,115430,1
RTS,0,240506,100901,115430,1
RTS,0,240506,100901,115430,2
RTS,0,240506,100903,115430,1
RTS,0,240506,100903,115430,1
RTS,0,240506,100903,115430,2
RTS,0,240506,100904,115420,1
RTS,0,240506,100904,115420,2
RTS,0,240506,100904,115420,1
RTS,0,240506,100904,115420,1
RTS,0,240506,100912,115380,1
RTS,0,240506,100912,115380,1
RTS,0,240506,100912,115380,1
RTS,0,240506,100912,115370,1
RTS,0,240506,100914,115370,3
RTS,0,240506,100920,115380,1
RTS,0,240506,100924,115370,1
RTS,0,240506,100924,115370,1
RTS,0,240506,100924,115370,1
RTS,0,240506,100932,115360,1
RTS,0,240506,100932,115360,8
RTS,0,240506,100932,115360,2
RTS,0,240506,100932,115360,5
RTS,0,240506,100932,115360,2
RTS,0,240506,100932,115360,2
RTS,0,240506,100932,115360,1
RTS,0,240506,100932,115350,3
RTS,0,240506,100932,115350,4
RTS,0,240506,100932,115350,6
RTS,0,240506,100932,115340,1
RTS,0,240506,100932,115340,3
RTS,0,240506,100932,115340,1
RTS,0,240506,100932,115340,1
RTS,0,240506,100932,115330,1
RTS,0,240506,100932,115330,3
RTS,0,240506,100932,115330,1
RTS,0,240506,100932,115330,2
RTS,0,240506,100932,115330,1
RTS,0,240506,100932,115330,1
RTS,0,240506,100932,115330,1
RTS,0,240506,100935,115330,1
RTS,0,240506,100935,115330,1
RTS,0,240506,100939,115340,1
RTS,0,240506,100939,115350,1
RTS,0,240506,100939,115350,4
RTS,0,240506,100939,115360,1
RTS,0,240506,100939,115360,1
RTS,0,240506,100939,115370,1
RTS,0,240506,100939,115370,1
RTS,0,240506,100939,115370,1
RTS,0,240506,100939,115380,1
RTS,0,240506,100939,115380,1
RTS,0,240506,100939,115380,1
RTS,0,240506,100945,115400,1
RTS,0,240506,100956,115400,1
RTS,0,240506,101000,115400,1
RTS,0,240506,101000,115400,1
RTS,0,240506,101000,115400,1
RTS,0,240506,101000,115400,3
RTS,0,240506,101004,115390,1
RTS,0,240506,101005,115390,1
RTS,0,240506,101005,115390,1
RTS,0,240506,101008,115380,1
RTS,0,240506,101008,115380,1
RTS,0,240506,101012,115380,1
RTS,0,240506,101012,115380,1
RTS,0,240506,101028,115370,1
RTS,0,240506,101028,115370,1
RTS,0,240506,101033,115370,1
RTS,0,240506,101033,115370,3
RTS,0,240506,101044,115370,1
RTS,0,240506,101052,115360,2
RTS,0,240506,101105,115360,1
RTS,0,240506,101105,115360,1
RTS,0,240506,101107,115370,6
RTS,0,240506,101107,115370,1
RTS,0,240506,101107,115370,1
RTS,0,240506,101108,115370,1
RTS,0,240506,101108,115370,1
RTS,0,240506,101108,115370,1
RTS,0,240506,101108,115370,1
RTS,0,240506,101117,115360,1
RTS,0,240506,101117,115350,7
RTS,0,240506,101117,115350,1
RTS,0,240506,101117,115350,1
RTS,0,240506,101118,115360,1
RTS,0,240506,101122,115360,1
RTS,0,240506,101128,115360,1
RTS,0,240506,101128,115360,1
RTS,0,240506,101128,115360,1
RTS,0,240506,101128,115360,1
RTS,0,240506,101128,115360,1
RTS,0,240506,101137,115360,1
RTS,0,240506,101147,115360,1
RTS,0,240506,101147,115360,3
RTS,0,240506,101147,115360,1
RTS,0,240506,101147,115360,1
RTS,0,240506,101147,115360,1
RTS,0,240506,101147,115360,1
RTS,0,240506,101147,115360,1
RTS,0,240506,101147,115360,1
RTS,0,240506,101147,115360,1
RTS,0,240506,101147,115360,1
RTS,0,240506,101208,115350,1
RTS,0,240506,101208,115350,3
RTS,0,240506,101208,115350,1
RTS,0,240506,101208,115350,1
RTS,0,240506,101208,115350,1
RTS,0,240506,101209,115340,1
RTS,0,240506,101209,115340,1
RTS,0,240506,101209,115340,1
RTS,0,240506,101209,115340,1
RTS,0,240506,101211,115330,1
RTS,0,240506,101214,115340,3
RTS,0,240506,101214,115340,1
RTS,0,240506,101217,115340,1
RTS,0,240506,101218,115330,1
RTS,0,240506,101218,115330,1
RTS,0,240506,101218,115330,1
RTS,0,240506,101218,115330,1
RTS,0,240506,101218,115330,1
RTS,0,240506,101218,115330,1
RTS,0,240506,101218,115330,1
RTS,0,240506,101218,115330,1
RTS,0,240506,101218,115330,2
RTS,0,240506,101219,115330,1
RTS,0,240506,101223,115330,8
RTS,0,240506,101223,115320,2
RTS,0,240506,101223,115320,1
RTS,0,240506,101223,115310,3
RTS,0,240506,101223,115310,4
RTS,0,240506,101223,115320,1
RTS,0,240506,101227,115320,1
RTS,0,240506,101227,115320,1
RTS,0,240506,101231,115310,1
RTS,0,240506,101231,115310,4
RTS,0,240506,101231,115310,1
RTS,0,240506,101231,115310,1
RTS,0,240506,101231,115300,1
RTS,0,240506,101231,115300,2
RTS,0,240506,101231,115310,1
RTS,0,240506,101233,115300,3
RTS,0,240506,101233,115300,1
RTS,0,240506,101233,115300,1
RTS,0,240506,101237,115290,1
RTS,0,240506,101238,115290,1
RTS,0,240506,101242,115310,3
RTS,0,240506,101243,115310,1
RTS,0,240506,101252,115310,1
RTS,0,240506,101252,115310,3
RTS,0,240506,101252,115310,1
RTS,0,240506,101252,115310,1
RTS,0,240506,101252,115300,1
RTS,0,240506,101252,115300,2
RTS,0,240506,101253,115310,1
RTS,0,240506,101257,115320,1
RTS,0,240506,101257,115330,3
RTS,0,240506,101308,115320,1
RTS,0,240506,101308,115320,1
RTS,0,240506,101308,115320,1
RTS,0,240506,101308,115320,1
RTS,0,240506,101308,115320,1
RTS,0,240506,101308,115320,1
RTS,0,240506,101308,115320,3
RTS,0,240506,101308,115320,3
RTS,0,240506,101308,115320,3
RTS,0,240506,101308,115330,1
RTS,0,240506,101308,115330,4
RTS,0,240506,101308,115330,1
RTS,0,240506,101308,115330,2
RTS,0,240506,101308,115330,2
RTS,0,240506,101308,115330,2
RTS,0,240506,101308,115330,1
RTS,0,240506,101308,115330,3
RTS,0,240506,101308,115320,4
RTS,0,240506,101309,115310,1
RTS,0,240506,101309,115310,3
RTS,0,240506,101309,115310,4
RTS,0,240506,101309,115310,1
RTS,0,240506,101309,115310,1
RTS,0,240506,101309,115310,4
RTS,0,240506,101309,115310,4
RTS,0,240506,101309,115300,1
RTS,0,240506,101309,115310,4
RTS,0,240506,101309,115310,1
RTS,0,240506,101309,115310,1
RTS,0,240506,101314,115320,1
RTS,0,240506,101314,115320,1
RTS,0,240506,101316,115330,1
RTS,0,240506,101316,115330,1
RTS,0,240506,101319,115320,1
RTS,0,240506,101324,115330,1
RTS,0,240506,101324,115330,1
RTS,0,240506,101324,115330,1
RTS,0,240506,101324,115330,4
RTS,0,240506,101324,115330,1
RTS,0,240506,101324,115330,1
RTS,0,240506,101324,115330,2
RTS,0,240506,101324,115330,1
RTS,0,240506,101324,115330,1
RTS,0,240506,101324,115330,1
RTS,0,240506,101324,115330,1
RTS,0,240506,101324,115330,1
RTS,0,240506,101324,115330,1
RTS,0,240506,101324,115330,2
RTS,0,240506,101324,115330,2
RTS,0,240506,101324,115340,1
RTS,0,240506,101324,115340,1
RTS,0,240506,101324,115340,1
RTS,0,240506,101324,115360,1
RTS,0,240506,101325,115340,1
RTS,0,240506,101333,115350,2
RTS,0,240506,101334,115360,1
RTS,0,240506,101334,115360,1
RTS,0,240506,101334,115380,1
RTS,0,240506,101334,115380,1
RTS,0,240506,101339,115380,1
RTS,0,240506,101341,115380,1
RTS,0,240506,101341,115380,1
RTS,0,240506,101341,115370,1
RTS,0,240506,101341,115370,1
RTS,0,240506,101341,115370,7
RTS,0,240506,101349,115390,1
RTS,0,240506,101349,115390,1
RTS,0,240506,101352,115380,2
RTS,0,240506,101352,115380,1
RTS,0,240506,101356,115390,1
RTS,0,240506,101356,115390,1
RTS,0,240506,101357,115390,3
RTS,0,240506,101408,115380,1
RTS,0,240506,101408,115380,1
RTS,0,240506,101408,115380,1
RTS,0,240506,101408,115380,3
RTS,0,240506,101408,115370,1
RTS,0,240506,101408,115370,1
RTS,0,240506,101408,115370,1
RTS,0,240506,101408,115370,1
RTS,0,240506,101409,115360,3
RTS,0,240506,101409,115360,1
RTS,0,240506,101409,115360,2
RTS,0,240506,101409,115360,1
RTS,0,240506,101409,115360,1
RTS,0,240506,101409,115360,1
RTS,0,240506,101409,115350,1
RTS,0,240506,101410,115350,2
RTS,0,240506,101410,115350,2
RTS,0,240506,101411,115360,1
RTS,0,240506,101414,115360,1
RTS,0,240506,101414,115360,1
RTS,0,240506,101418,115350,1
RTS,0,240506,101418,115350,1
RTS,0,240506,101418,115350,1
RTS,0,240506,101419,115350,1
RTS,0,240506,101422,115340,1
RTS,0,240506,101435,115330,1
RTS,0,240506,101435,115330,2
RTS,0,240506,101442,115350,1
RTS,0,240506,101442,115350,2
RTS,0,240506,101443,115340,1
RTS,0,240506,101443,115340,1
RTS,0,240506,101443,115340,1
RTS,0,240506,101443,115330,1
RTS,0,240506,101444,115350,1
RTS,0,240506,101448,115340,1
RTS,0,240506,101457,115330,1
RTS,0,240506,101457,115330,1
RTS,0,240506,101457,115330,1
RTS,0,240506,101457,115330,11
RTS,0,240506,101457,115330,1
RTS,0,240506,101457,115320,3
RTS,0,240506,101457,115320,1
RTS,0,240506,101457,115320,1
RTS,0,240506,101457,115320,1
RTS,0,240506,101457,115320,1
RTS,0,240506,101458,115310,1
RTS,0,240506,101458,115310,1
RTS,0,240506,101458,115310,1
RTS,0,240506,101458,115310,1
RTS,0,240506,101458,115310,1
RTS,0,240506,101458,115310,1
RTS,0,240506,101458,115310,1
RTS,0,240506,101458,115310,3
RTS,0,240506,101458,115310,1
RTS,0,240506,101458,115300,1
RTS,0,240506,101501,115310,1
RTS,0,240506,101501,115300,1
RTS,0,240506,101501,115300,1
RTS,0,240506,101501,115290,1
RTS,0,240506,101501,115290,3
RTS,0,240506,101501,115290,1
RTS,0,240506,101501,115290,1
RTS,0,240506,101501,115290,3
RTS,0,240506,101501,115290,1
RTS,0,240506,101501,115290,1
RTS,0,240506,101501,115290,1
RTS,0,240506,101501,115290,1
RTS,0,240506,101501,115290,2
RTS,0,240506,101501,115300,1
RTS,0,240506,101501,115300,2
RTS,0,240506,101501,115290,2
RTS,0,240506,101501,115290,1
RTS,0,240506,101501,115290,1
RTS,0,240506,101501,115290,1
RTS,0,240506,101501,115290,2
RTS,0,240506,101501,115290,1
RTS,0,240506,101501,115290,2
RTS,0,240506,101501,115290,1
RTS,0,240506,101501,115280,1
RTS,0,240506,101501,115280,1
RTS,0,240506,101501,115280,1
RTS,0,240506,101501,115280,1
RTS,0,240506,101501,115280,1
RTS,0,240506,101501,115280,2
RTS,0,240506,101501,115280,1
RTS,0,240506,101501,115280,2
RTS,0,240506,101501,115280,1
RTS,0,240506,101501,115280,2
RTS,0,240506,101501,115270,1
RTS,0,240506,101501,115270,1
RTS,0,240506,101501,115270,1
RTS,0,240506,101501,115270,1
RTS,0,240506,101501,115270,7
RTS,0,240506,101501,115270,3
RTS,0,240506,101501,115270,2
RTS,0,240506,101501,115270,1
RTS,0,240506,101501,115280,4
RTS,0,240506,101501,115280,1
RTS,0,240506,101501,115280,1
RTS,0,240506,101501,115280,2
RTS,0,240506,101502,115280,1
RTS,0,240506,101502,115280,1
RTS,0,240506,101502,115280,1
RTS,0,240506,101502,115270,2
RTS,0,240506,101502,115270,2
RTS,0,240506,101503,115290,1
RTS,0,240506,101503,115290,1
RTS,0,240506,101504,115290,2
RTS,0,240506,101505,115280,1
RTS,0,240506,101505,115280,1
RTS,0,240506,101505,115270,1
RTS,0,240506,101506,115270,3
RTS,0,240506,101506,115270,1
RTS,0,240506,101506,115270,1
RTS,0,240506,101506,115270,4
RTS,0,240506,101506,115260,2
RTS,0,240506,101506,115260,1
RTS,0,240506,101506,115260,1
RTS,0,240506,101506,115260,1
RTS,0,240506,101506,115250,4
RTS,0,240506,101507,115260,2
RTS,0,240506,101507,115260,1
RTS,0,240506,101507,115260,1
RTS,0,240506,101507,115260,2
RTS,0,240506,101507,115260,2
RTS,0,240506,101508,115260,2
RTS,0,240506,101508,115250,1
RTS,0,240506,101508,115250,1
RTS,0,240506,101508,115250,1
RTS,0,240506,101508,115250,1
RTS,0,240506,101508,115250,1
RTS,0,240506,101508,115250,1
RTS,0,240506,101508,115250,1
RTS,0,240506,101508,115240,1
RTS,0,240506,101508,115240,1
RTS,0,240506,101508,115240,1
RTS,0,240506,101508,115240,1
RTS,0,240506,101508,115250,1
RTS,0,240506,101508,115250,1
RTS,0,240506,101510,115240,3
RTS,0,240506,101511,115250,1
RTS,0,240506,101513,115250,8
RTS,0,240506,101513,115250,1
RTS,0,240506,101513,115250,1
RTS,0,240506,101513,115250,2
RTS,0,240506,101513,115250,1
RTS,0,240506,101513,115250,1
RTS,0,240506,101513,115250,1
RTS,0,240506,101513,115260,1
RTS,0,240506,101513,115260,1
RTS,0,240506,101513,115270,1
RTS,0,240506,101517,115280,1
RTS,0,240506,101517,115280,1
RTS,0,240506,101522,115280,1
RTS,0,240506,101522,115280,2
RTS,0,240506,101522,115270,1
RTS,0,240506,101522,115270,1
RTS,0,240506,101522,115270,1
RTS,0,240506,101522,115270,1
RTS,0,240506,101522,115270,1
RTS,0,240506,101522,115270,1
RTS,0,240506,101522,115270,1
RTS,0,240506,101524,115280,1
RTS,0,240506,101524,115280,3
RTS,0,240506,101524,115280,1
RTS,0,240506,101524,115290,1
RTS,0,240506,101528,115290,1
RTS,0,240506,101528,115290,1
RTS,0,240506,101531,115260,1
RTS,0,240506,101531,115260,4
RTS,0,240506,101532,115260,1
RTS,0,240506,101532,115260,1
RTS,0,240506,101532,115260,1
RTS,0,240506,101535,115280,1
RTS,0,240506,101536,115280,1
RTS,0,240506,101538,115280,1
RTS,0,240506,101539,115270,1
RTS,0,240506,101541,115260,1
RTS,0,240506,101542,115260,2
RTS,0,240506,101542,115260,3
RTS,0,240506,101543,115260,1
RTS,0,240506,101551,115270,2
RTS,0,240506,101554,115270,1
RTS,0,240506,101555,115260,3
RTS,0,240506,101601,115280,1
RTS,0,240506,101601,115280,1
RTS,0,240506,101601,115280,1
RTS,0,240506,101601,115280,1
RTS,0,240506,101601,115280,1
RTS,0,240506,101601,115280,4
RTS,0,240506,101601,115280,1
RTS,0,240506,101601,115280,1
RTS,0,240506,101601,115280,2
RTS,0,240506,101601,115280,1
RTS,0,240506,101601,115280,1
RTS,0,240506,101601,115280,1
RTS,0,240506,101601,115280,1
RTS,0,240506,101601,115280,3
RTS,0,240506,101602,115280,2
RTS,0,240506,101602,115290,1
RTS,0,240506,101602,115280,1
RTS,0,240506,101603,115300,1
RTS,0,240506,101603,115300,1
RTS,0,240506,101603,115300,1
RTS,0,240506,101603,115300,2
RTS,0,240506,101604,115290,1
RTS,0,240506,101604,115290,3
RTS,0,240506,101604,115290,2
RTS,0,240506,101604,115300,4
RTS,0,240506,101604,115300,2
RTS,0,240506,101604,115300,4
RTS,0,240506,101604,115300,1
RTS,0,240506,101604,115310,2
RTS,0,240506,101604,115310,2
RTS,0,240506,101607,115310,1
RTS,0,240506,101607,115310,2
RTS,0,240506,101607,115320,2
RTS,0,240506,101607,115320,1
RTS,0,240506,101607,115320,1
RTS,0,240506,101607,115320,3
RTS,0,240506,101607,115320,1
RTS,0,240506,101607,115320,1
RTS,0,240506,101607,115320,4
RTS,0,240506,101607,115320,4
RTS,0,240506,101608,115310,1
RTS,0,240506,101611,115300,1
RTS,0,240506,101611,115300,3
RTS,0,240506,101611,115290,1
RTS,0,240506,101611,115290,1
RTS,0,240506,101611,115290,1
RTS,0,240506,101612,115310,1
RTS,0,240506,101612,115310,1
RTS,0,240506,101613,115310,1
RTS,0,240506,101613,115320,4
RTS,0,240506,101629,115310,1
RTS,0,240506,101630,115310,1
RTS,0,240506,101636,115310,1
RTS,0,240506,101644,115300,1
RTS,0,240506,101644,115310,1
RTS,0,240506,101649,115310,1
RTS,0,240506,101649,115300,5
RTS,0,240506,101708,115300,1
RTS,0,240506,101708,115300,3
RTS,0,240506,101709,115290,1
RTS,0,240506,101709,115290,5
RTS,0,240506,101711,115280,1
RTS,0,240506,101711,115300,1
RTS,0,240506,101711,115280,1
RTS,0,240506,101711,115280,1
RTS,0,240506,101711,115290,2
RTS,0,240506,101711,115290,1
RTS,0,240506,101711,115290,1
RTS,0,240506,101711,115290,1
RTS,0,240506,101711,115290,1
RTS,0,240506,101711,115290,1
RTS,0,240506,101711,115290,1
RTS,0,240506,101711,115290,3
RTS,0,240506,101711,115290,1
RTS,0,240506,101711,115290,4
RTS,0,240506,101711,115300,3
RTS,0,240506,101711,115300,1
RTS,0,240506,101711,115300,10
RTS,0,240506,101711,115300,5
RTS,0,240506,101712,115270,1
RTS,0,240506,101712,115270,1
RTS,0,240506,101712,115260,12
RTS,0,240506,101712,115260,15
RTS,0,240506,101712,115260,1
RTS,0,240506,101712,115260,1
RTS,0,240506,101712,115260,4
RTS,0,240506,101712,115260,2
RTS,0,240506,101718,115260,1
RTS,0,240506,101718,115260,2
RTS,0,240506,101718,115260,2
RTS,0,240506,101718,115260,1
RTS,0,240506,101718,115250,3
RTS,0,240506,101718,115250,1
RTS,0,240506,101718,115250,1
RTS,0,240506,101718,115240,2
RTS,0,240506,101718,115240,2
RTS,0,240506,101718,115240,5
RTS,0,240506,101718,115240,1
RTS,0,240506,101719,115240,1
RTS,0,240506,101726,115250,4
RTS,0,240506,101726,115250,3
RTS,0,240506,101728,115250,1
RTS,0,240506,101738,115250,1
RTS,0,240506,101738,115250,1
RTS,0,240506,101738,115250,1
RTS,0,240506,101738,115240,1
RTS,0,240506,101738,115250,1
RTS,0,240506,101741,115260,3
RTS,0,240506,101741,115260,4
RTS,0,240506,101741,115260,1
RTS,0,240506,101741,115270,2
RTS,0,240506,101746,115260,1
RTS,0,240506,101746,115260,1
RTS,0,240506,101746,115260,2
RTS,0,240506,101748,115270,2
RTS,0,240506,101800,115260,1
RTS,0,240506,101800,115260,1
RTS,0,240506,101804,115250,1
RTS,0,240506,101805,115250,2
RTS,0,240506,101805,115260,1
RTS,0,240506,101808,115250,1
RTS,0,240506,101808,115250,1
RTS,0,240506,101808,115250,1
RTS,0,240506,101808,115250,1
RTS,0,240506,101808,115250,1
RTS,0,240506,101808,115250,1
RTS,0,240506,101808,115250,1
RTS,0,240506,101808,115250,1
RTS,0,240506,101808,115250,1
RTS,0,240506,101808,115250,1
RTS,0,240506,101808,115250,1
RTS,0,240506,101808,115250,1
RTS,0,240506,101808,115250,2
RTS,0,240506,101808,115250,1
RTS,0,240506,101809,115240,2
RTS,0,240506,101809,115240,1
RTS,0,240506,101809,115240,1
RTS,0,240506,101809,115240,3
RTS,0,240506,101810,115250,1
RTS,0,240506,101810,115250,1
RTS,0,240506,101810,115250,1
RTS,0,240506,101810,115250,1
RTS,0,240506,101810,115250,12
RTS,0,240506,101811,115250,1
RTS,0,240506,101811,115250,2
RTS,0,240506,101811,115250,1
RTS,0,240506,101811,115250,1
RTS,0,240506,101811,115250,1
RTS,0,240506,101811,115250,13
RTS,0,240506,101811,115260,1
RTS,0,240506,101811,115260,1
RTS,0,240506,101811,115260,8
RTS,0,240506,101811,115260,13
RTS,0,240506,101811,115270,5
RTS,0,240506,101811,115270,1
RTS,0,240506,101811,115270,1
RTS,0,240506,101811,115270,1
RTS,0,240506,101811,115270,4
RTS,0,240506,101811,115270,1
RTS,0,240506,101811,115270,4
RTS,0,240506,101811,115270,1
RTS,0,240506,101811,115280,1
RTS,0,240506,101811,115280,3
RTS,0,240506,101811,115280,1
RTS,0,240506,101811,115280,1
RTS,0,240506,101811,115280,1
RTS,0,240506,101811,115290,1
RTS,0,240506,101811,115280,1
RTS,0,240506,101812,115290,1
RTS,0,240506,101812,115300,1
RTS,0,240506,101812,115300,1
RTS,0,240506,101812,115300,4
RTS,0,240506,101812,115300,3
RTS,0,240506,101812,115300,2
RTS,0,240506,101812,115300,1
RTS,0,240506,101812,115300,1
RTS,0,240506,101817,115300,1
RTS,0,240506,101825,115300,1
RTS,0,240506,101827,115300,1
RTS,0,240506,101827,115290,1
RTS,0,240506,101828,115300,1
RTS,0,240506,101831,115300,1
RTS,0,240506,101832,115300,1
RTS,0,240506,101839,115290,1
RTS,0,240506,101844,115310,1
RTS,0,240506,101846,115290,1
RTS,0,240506,101848,115300,1
RTS,0,240506,101901,115300,1
RTS,0,240506,101901,115290,1
RTS,0,240506,101908,115280,1
RTS,0,240506,101908,115280,1
RTS,0,240506,101908,115280,1
RTS,0,240506,101908,115280,1
RTS,0,240506,101908,115270,3
RTS,0,240506,101908,115270,4
RTS,0,240506,101908,115270,1
RTS,0,240506,101908,115270,1
RTS,0,240506,101911,115260,1
RTS,0,240506,101913,115260,3
RTS,0,240506,101918,115250,1
RTS,0,240506,101918,115250,1
RTS,0,240506,101918,115250,1
RTS,0,240506,101918,115250,1
RTS,0,240506,101918,115250,1
RTS,0,240506,101918,115250,3
RTS,0,240506,101918,115250,1
RTS,0,240506,101918,115250,1
RTS,0,240506,101921,115240,2
RTS,0,240506,101921,115240,1
RTS,0,240506,101926,115240,1
RTS,0,240506,101926,115240,1
RTS,0,240506,101927,115250,1
RTS,0,240506,101928,115260,3
RTS,0,240506,101928,115250,1
RTS,0,240506,101928,115250,1
RTS,0,240506,101928,115250,1
RTS,0,240506,101928,115250,1
RTS,0,240506,101928,115250,1
RTS,0,240506,101928,115250,1
RTS,0,240506,101928,115250,1
RTS,0,240506,101928,115250,1
RTS,0,240506,101928,115250,1
RTS,0,240506,101928,115250,1
RTS,0,240506,101929,115260,1
RTS,0,240506,101929,115260,1
RTS,0,240506,101929,115270,3
RTS,0,240506,101933,115250,3
RTS,0,240506,101936,115250,4
RTS,0,240506,101936,115250,1
RTS,0,240506,101937,115240,1
RTS,0,240506,101937,115240,3
RTS,0,240506,101937,115240,1
RTS,0,240506,101937,115240,6
RTS,0,240506,101937,115240,2
RTS,0,240506,101937,115240,1
RTS,0,240506,101937,115230,1
RTS,0,240506,101937,115230,1
RTS,0,240506,101937,115230,6
RTS,0,240506,101937,115230,1
RTS,0,240506,101937,115230,1
RTS,0,240506,101937,115230,2
RTS,0,240506,101937,115230,1
RTS,0,240506,101937,115230,1
RTS,0,240506,101937,115230,1
RTS,0,240506,101937,115230,4
RTS,0,240506,101937,115230,1
RTS,0,240506,101937,115220,1
RTS,0,240506,101937,115220,1
RTS,0,240506,101937,115230,1
RTS,0,240506,101937,115220,1
RTS,0,240506,101937,115220,1
RTS,0,240506,101937,115220,1
RTS,0,240506,101937,115220,1
RTS,0,240506,101937,115220,1
RTS,0,240506,101937,115220,1
RTS,0,240506,101937,115220,1
RTS,0,240506,101937,115220,1
RTS,0,240506,101937,115220,1
RTS,0,240506,101937,115220,1
RTS,0,240506,101937,115220,1
RTS,0,240506,101937,115220,1
RTS,0,240506,101937,115220,1
RTS,0,240506,101937,115230,1
RTS,0,240506,101938,115230,2
RTS,0,240506,101947,115230,1
RTS,0,240506,101954,115230,1
RTS,0,240506,101954,115230,1
RTS,0,240506,101959,115240,3
RTS,0,240506,101959,115230,1
RTS,0,240506,101959,115230,4
RTS,0,240506,101959,115230,3
RTS,0,240506,101959,115230,1
RTS,0,240506,101959,115230,1
RTS,0,240506,101959,115230,1
RTS,0,240506,101959,115230,2
RTS,0,240506,101959,115230,1
RTS,0,240506,102008,115230,1
RTS,0,240506,102008,115220,15
RTS,0,240506,102008,115220,1
RTS,0,240506,102008,115220,1
RTS,0,240506,102008,115220,1
RTS,0,240506,102008,115220,1
RTS,0,240506,102008,115210,3
RTS,0,240506,102008,115210,1
RTS,0,240506,102008,115210,1
RTS,0,240506,102008,115210,1
RTS,0,240506,102008,115210,1
RTS,0,240506,102008,115210,1
RTS,0,240506,102008,115210,1
RTS,0,240506,102008,115210,1
RTS,0,240506,102008,115210,1
RTS,0,240506,102008,115210,1
RTS,0,240506,102008,115210,1
RTS,0,240506,102008,115210,4
RTS,0,240506,102008,115200,5
RTS,0,240506,102008,115200,5
RTS,0,240506,102008,115200,1
RTS,0,240506,102008,115200,1
RTS,0,240506,102008,115200,1
RTS,0,240506,102008,115200,1
RTS,0,240506,102008,115200,1
RTS,0,240506,102008,115200,1
RTS,0,240506,102008,115200,1
RTS,0,240506,102008,115200,5
RTS,0,240506,102008,115200,4
RTS,0,240506,102008,115200,3
RTS,0,240506,102008,115200,2
RTS,0,240506,102008,115200,1
RTS,0,240506,102008,115200,2
RTS,0,240506,102008,115200,1
RTS,0,240506,102008,115200,1
RTS,0,240506,102008,115200,2
RTS,0,240506,102008,115200,1
RTS,0,240506,102008,115190,1
RTS,0,240506,102008,115190,3
RTS,0,240506,102008,115190,1
RTS,0,240506,102008,115190,5
RTS,0,240506,102008,115190,1
RTS,0,240506,102008,115190,1
RTS,0,240506,102008,115190,1
RTS,0,240506,102008,115190,1
RTS,0,240506,102008,115190,1
RTS,0,240506,102008,115180,1
RTS,0,240506,102008,115180,1
RTS,0,240506,102008,115190,1
RTS,0,240506,102008,115190,1
RTS,0,240506,102008,115190,1
RTS,0,240506,102008,115200,1
RTS,0,240506,102008,115200,1
RTS,0,240506,102008,115200,1
RTS,0,240506,102008,115200,1
RTS,0,240506,102008,115200,1
RTS,0,240506,102008,115200,3
RTS,0,240506,102008,115200,1
RTS,0,240506,102008,115210,1
RTS,0,240506,102008,115210,1
RTS,0,240506,102008,115200,1
RTS,0,240506,102008,115200,2
RTS,0,240506,102008,115200,4
RTS,0,240506,102008,115200,1
RTS,0,240506,102008,115200,1
RTS,0,240506,102008,115200,1
RTS,0,240506,102008,115210,1
RTS,0,240506,102008,115190,4
RTS,0,240506,102008,115190,3
RTS,0,240506,102008,115190,1
RTS,0,240506,102008,115190,1
RTS,0,240506,102008,115200,4
RTS,0,240506,102008,115200,5
RTS,0,240506,102008,115200,9
RTS,0,240506,102008,115200,1
RTS,0,240506,102008,115200,1
RTS,0,240506,102008,115190,1
RTS,0,240506,102008,115190,1
RTS,0,240506,102008,115190,3
RTS,0,240506,102009,115190,1
RTS,0,240506,102009,115200,1
RTS,0,240506,102009,115190,1
RTS,0,240506,102009,115200,1
RTS,0,240506,102009,115200,1
RTS,0,240506,102009,115190,1
RTS,0,240506,102009,115190,1
RTS,0,240506,102009,115190,1
RTS,0,240506,102009,115180,3
RTS,0,240506,102009,115180,2
RTS,0,240506,102009,115180,2
RTS,0,240506,102009,115180,1
RTS,0,240506,102009,115190,4
RTS,0,240506,102009,115190,1
RTS,0,240506,102009,115190,2
RTS,0,240506,102009,115190,1
RTS,0,240506,102009,115200,1
RTS,0,240506,102009,115200,1
RTS,0,240506,102009,115200,1
RTS,0,240506,102009,115180,1
RTS,0,240506,102011,115200,2
RTS,0,240506,102011,115200,1
RTS,0,240506,102011,115200,1
RTS,0,240506,102011,115210,3
RTS,0,240506,102011,115210,1
RTS,0,240506,102011,115210,3
RTS,0,240506,102011,115210,1
RTS,0,240506,102011,115190,1
RTS,0,240506,102014,115180,1
RTS,0,240506,102014,115170,1
RTS,0,240506,102014,115170,1
RTS,0,240506,102014,115170,1
RTS,0,240506,102014,115170,1
RTS,0,240506,102014,115190,1
RTS,0,240506,102018,115190,1
RTS,0,240506,102018,115190,1
RTS,0,240506,102021,115180,1
RTS,0,240506,102026,115190,1
RTS,0,240506,102026,115190,1
RTS,0,240506,102026,115190,1
RTS,0,240506,102026,115190,1
RTS,0,240506,102026,115190,1
RTS,0,240506,102026,115190,4
RTS,0,240506,102026,115190,1
RTS,0,240506,102026,115190,1
RTS,0,240506,102026,115190,1
RTS,0,240506,102026,115190,1
RTS,0,240506,102028,115210,1
RTS,0,240506,102028,115220,13
RTS,0,240506,102028,115220,1
RTS,0,240506,102028,115220,13
RTS,0,240506,102038,115220,1
RTS,0,240506,102038,115220,1
RTS,0,240506,102038,115220,1
RTS,0,240506,102038,115210,8
RTS,0,240506,102043,115230,1
RTS,0,240506,102043,115230,1
RTS,0,240506,102046,115210,1
RTS,0,240506,102046,115210,1
RTS,0,240506,102104,115210,1
RTS,0,240506,102104,115210,2
RTS,0,240506,102104,115210,4
RTS,0,240506,102112,115200,1
RTS,0,240506,102112,115200,1
RTS,0,240506,102112,115200,1
RTS,0,240506,102112,115200,6
RTS,0,240506,102112,115200,1
RTS,0,240506,102113,115200,1
RTS,0,240506,102113,115200,1
RTS,0,240506,102113,115210,13
RTS,0,240506,102113,115210,2
RTS,0,240506,102113,115210,3
RTS,0,240506,102113,115210,1
RTS,0,240506,102113,115210,1
RTS,0,240506,102113,115210,1
RTS,0,240506,102113,115210,2
RTS,0,240506,102113,115210,1
RTS,0,240506,102113,115210,7
RTS,0,240506,102113,115210,1
RTS,0,240506,102113,115210,3
RTS,0,240506,102113,115210,1
RTS,0,240506,102113,115210,1
RTS,0,240506,102113,115210,4
RTS,0,240506,102113,115210,2
RTS,0,240506,102113,115210,5
RTS,0,240506,102113,115210,3
RTS,0,240506,102125,115200,1
RTS,0,240506,102128,115200,1
RTS,0,240506,102130,115200,1
RTS,0,240506,102131,115210,1
RTS,0,240506,102134,115200,2
RTS,0,240506,102136,115210,3
RTS,0,240506,102137,115210,1
RTS,0,240506,102139,115210,1
RTS,0,240506,102142,115210,1
RTS,0,240506,102144,115210,1
RTS,0,240506,102148,115200,1
RTS,0,240506,102159,115210,3
RTS,0,240506,102200,115210,1
RTS,0,240506,102200,115210,1
RTS,0,240506,102200,115210,3
RTS,0,240506,102210,115210,5
RTS,0,240506,102210,115210,1
RTS,0,240506,102210,115210,3
RTS,0,240506,102210,115210,6
RTS,0,240506,102210,115210,1
RTS,0,240506,102210,115210,1
RTS,0,240506,102210,115220,1
RTS,0,240506,102210,115220,2
RTS,0,240506,102210,115220,1
RTS,0,240506,102210,115220,1
RTS,0,240506,102210,115220,4
RTS,0,240506,102210,115220,1
RTS,0,240506,102210,115220,3
RTS,0,240506,102210,115220,3
RTS,0,240506,102210,115220,4
RTS,0,240506,102210,115230,1
RTS,0,240506,102210,115230,3
RTS,0,240506,102210,115230,1
RTS,0,240506,102210,115230,1
RTS,0,240506,102210,115230,1
RTS,0,240506,102210,115230,4
RTS,0,240506,102210,115230,1
RTS,0,240506,102211,115240,1
RTS,0,240506,102211,115240,1
RTS,0,240506,102211,115240,4
RTS,0,240506,102215,115240,1
RTS,0,240506,102217,115240,2
RTS,0,240506,102217,115240,1
RTS,0,240506,102217,115240,1
RTS,0,240506,102219,115240,2
RTS,0,240506,102219,115250,1
RTS,0,240506,102219,115250,1
RTS,0,240506,102219,115250,4
RTS,0,240506,102219,115250,2
RTS,0,240506,102219,115250,5
RTS,0,240506,102219,115250,1
RTS,0,240506,102219,115250,3
RTS,0,240506,102219,115250,3
RTS,0,240506,102219,115250,1
RTS,0,240506,102219,115250,2
RTS,0,240506,102219,115250,4
RTS,0,240506,102219,115250,1
RTS,0,240506,102219,115260,1
RTS,0,240506,102219,115260,1
RTS,0,240506,102219,115260,1
RTS,0,240506,102219,115260,4
RTS,0,240506,102219,115260,46
RTS,0,240506,102219,115260,3
RTS,0,240506,102219,115260,1
RTS,0,240506,102219,115260,3
RTS,0,240506,102219,115260,1
RTS,0,240506,102219,115260,1
RTS,0,240506,102219,115260,1
RTS,0,240506,102219,115260,1
RTS,0,240506,102219,115260,2
RTS,0,240506,102219,115270,1
RTS,0,240506,102219,115270,1
RTS,0,240506,102219,115270,1
RTS,0,240506,102219,115270,1
RTS,0,240506,102219,115270,7
RTS,0,240506,102219,115270,1
RTS,0,240506,102219,115270,1
RTS,0,240506,102219,115270,1
RTS,0,240506,102219,115270,1
RTS,0,240506,102219,115280,1
RTS,0,240506,102219,115280,3
RTS,0,240506,102219,115280,1
RTS,0,240506,102219,115280,1
RTS,0,240506,102219,115280,1
RTS,0,240506,102219,115280,1
RTS,0,240506,102219,115280,1
RTS,0,240506,102219,115290,1
RTS,0,240506,102219,115280,1
RTS,0,240506,102219,115280,2
RTS,0,240506,102219,115280,2
RTS,0,240506,102219,115280,4
RTS,0,240506,102219,115290,1
RTS,0,240506,102219,115290,1
RTS,0,240506,102219,115280,4
RTS,0,240506,102219,115270,3
RTS,0,240506,102219,115270,1
RTS,0,240506,102219,115270,3
RTS,0,240506,102219,115270,7
RTS,0,240506,102219,115260,1
RTS,0,240506,102219,115260,3
RTS,0,240506,102219,115270,1
RTS,0,240506,102219,115270,1
RTS,0,240506,102219,115270,1
RTS,0,240506,102219,115270,1
RTS,0,240506,102219,115270,1
RTS,0,240506,102219,115270,1
RTS,0,240506,102219,115270,1
RTS,0,240506,102223,115270,1
RTS,0,240506,102229,115260,1
RTS,0,240506,102233,115270,1
RTS,0,240506,102235,115260,4
RTS,0,240506,102235,115260,1
RTS,0,240506,102235,115260,1
RTS,0,240506,102235,115260,1
RTS,0,240506,102235,115260,10
RTS,0,240506,102237,115260,1
RTS,0,240506,102244,115260,1
RTS,0,240506,102245,115260,1
RTS,0,240506,102250,115260,2
RTS,0,240506,102250,115260,3
RTS,0,240506,102252,115260,3
RTS,0,240506,102301,115260,2
RTS,0,240506,102301,115260,1
RTS,0,240506,102301,115260,1
RTS,0,240506,102305,115250,1
RTS,0,240506,102305,115250,1
RTS,0,240506,102305,115250,2
RTS,0,240506,102305,115250,1
RTS,0,240506,102306,115240,1
RTS,0,240506,102306,115240,1
RTS,0,240506,102308,115240,1
RTS,0,240506,102308,115230,3
RTS,0,240506,102308,115230,1
RTS,0,240506,102309,115230,1
RTS,0,240506,102309,115220,1
RTS,0,240506,102309,115220,4
RTS,0,240506,102309,115220,1
RTS,0,240506,102309,115220,1
RTS,0,240506,102309,115210,1
RTS,0,240506,102309,115210,2
RTS,0,240506,102309,115210,1
RTS,0,240506,102309,115210,1
RTS,0,240506,102309,115210,1
RTS,0,240506,102309,115210,1
RTS,0,240506,102309,115210,1
RTS,0,240506,102309,115200,3
RTS,0,240506,102309,115200,1
RTS,0,240506,102309,115200,1
RTS,0,240506,102309,115200,1
RTS,0,240506,102309,115200,1
RTS,0,240506,102309,115200,1
RTS,0,240506,102309,115200,3
RTS,0,240506,102309,115200,3
RTS,0,240506,102309,115220,1
RTS,0,240506,102309,115220,1
RTS,0,240506,102313,115210,1
RTS,0,240506,102313,115210,1
RTS,0,240506,102313,115210,1
RTS,0,240506,102313,115210,1
RTS,0,240506,102313,115210,1
RTS,0,240506,102314,115220,1
RTS,0,240506,102317,115220,1
RTS,0,240506,102317,115220,1
RTS,0,240506,102318,115220,1
RTS,0,240506,102318,115220,1
RTS,0,240506,102318,115220,1
RTS,0,240506,102318,115230,1
RTS,0,240506,102323,115230,1
RTS,0,240506,102325,115220,1
RTS,0,240506,102327,115210,1
RTS,0,240506,102329,115220,1
RTS,0,240506,102336,115220,5
RTS,0,240506,102336,115220,1
RTS,0,240506,102336,115220,1
RTS,0,240506,102336,115220,1
RTS,0,240506,102336,115220,1
RTS,0,240506,102336,115220,1
RTS,0,240506,102336,115220,3
RTS,0,240506,102336,115220,1
RTS,0,240506,102336,115220,1
RTS,0,240506,102336,115210,5
RTS,0,240506,102336,115210,7
RTS,0,240506,102336,115210,3
RTS,0,240506,102342,115210,1
RTS,0,240506,102353,115210,3
RTS,0,240506,102406,115220,1
RTS,0,240506,102406,115220,1
RTS,0,240506,102406,115220,1
RTS,0,240506,102406,115220,1
RTS,0,240506,102406,115220,1
RTS,0,240506,102406,115220,2
RTS,0,240506,102433,115220,1
RTS,0,240506,102433,115220,11
RTS,0,240506,102433,115220,17
RTS,0,240506,102433,115220,1
RTS,0,240506,102433,115230,3
RTS,0,240506,102433,115230,1
RTS,0,240506,102433,115230,3
RTS,0,240506,102433,115240,1
RTS,0,240506,102433,115240,3
RTS,0,240506,102434,115240,2
RTS,0,240506,102439,115240,1
RTS,0,240506,102439,115250,1
RTS,0,240506,102439,115250,1
RTS,0,240506,102444,115250,1
RTS,0,240506,102444,115250,1
RTS,0,240506,102459,115250,1
RTS,0,240506,102459,115250,2
RTS,0,240506,102459,115250,1
RTS,0,240506,102459,115250,1
RTS,0,240506,102508,115250,1
RTS,0,240506,102509,115240,1
RTS,0,240506,102509,115240,1
RTS,0,240506,102509,115230,3
RTS,0,240506,102509,115230,1
RTS,0,240506,102511,115230,1
RTS,0,240506,102516,115230,2
RTS,0,240506,102546,115240,2
RTS,0,240506,102546,115250,1
RTS,0,240506,102550,115250,5
RTS,0,240506,102555,115240,1
RTS,0,240506,102601,115240,1
RTS,0,240506,102601,115240,1
RTS,0,240506,102601,115240,1
RTS,0,240506,102613,115240,1
RTS,0,240506,102613,115240,10
RTS,0,240506,102613,115240,2
RTS,0,240506,102614,115240,1
RTS,0,240506,102622,115240,1
RTS,0,240506,102637,115240,15
RTS,0,240506,102637,115240,1
RTS,0,240506,102637,115240,1
RTS,0,240506,102637,115240,1
RTS,0,240506,102638,115250,1
RTS,0,240506,102643,115260,4
RTS,0,240506,102643,115260,3
RTS,0,240506,102643,115260,1
RTS,0,240506,102643,115260,1
RTS,0,240506,102643,115260,1
RTS,0,240506,102643,115270,1
RTS,0,240506,102643,115270,3
RTS,0,240506,102644,115280,3
RTS,0,240506,102644,115280,1
RTS,0,240506,102644,115280,1
RTS,0,240506,102644,115280,1
RTS,0,240506,102645,115280,1
RTS,0,240506,102645,115280,1
RTS,0,240506,102645,115290,2
RTS,0,240506,102646,115290,1
RTS,0,240506,102648,115280,2
RTS,0,240506,102648,115280,1
RTS,0,240506,102648,115280,1
RTS,0,240506,102648,115280,1
RTS,0,240506,102648,115280,1
RTS,0,240506,102650,115260,1
RTS,0,240506,102702,115260,1
RTS,0,240506,102711,115250,1
RTS,0,240506,102711,115250,2
RTS,0,240506,102715,115250,10
RTS,0,240506,102731,115260,1
RTS,0,240506,102740,115250,1
RTS,0,240506,102754,115260,2
RTS,0,240506,102807,115260,2
RTS,0,240506,102807,115260,4
RTS,0,240506,102807,115260,9
RTS,0,240506,102807,115260,1
RTS,0,240506,102807,115260,3
RTS,0,240506,102808,115260,1
RTS,0,240506,102809,115260,1
RTS,0,240506,102809,115260,2
RTS,0,240506,102810,115270,4
RTS,0,240506,102810,115270,1
RTS,0,240506,102820,115270,1
RTS,0,240506,102835,115280,2
RTS,0,240506,102840,115270,1
RTS,0,240506,102840,115270,1
RTS,0,240506,102840,115270,1
RTS,0,240506,102840,115270,1
RTS,0,240506,102840,115270,1
RTS,0,240506,102840,115270,1
RTS,0,240506,102840,115270,1
RTS,0,240506,102840,115270,1
RTS,0,240506,102840,115270,1
RTS,0,240506,102840,115270,1
RTS,0,240506,102840,115270,5
RTS,0,240506,102840,115270,1
RTS,0,240506,102840,115260,1
RTS,0,240506,102840,115270,1
RTS,0,240506,102840,115270,1
RTS,0,240506,102840,115270,1
RTS,0,240506,102840,115270,1
RTS,0,240506,102840,115270,1
RTS,0,240506,102840,115270,1
RTS,0,240506,102840,115270,1
RTS,0,240506,102840,115270,1
RTS,0,240506,102841,115260,2
RTS,0,240506,102841,115260,1
RTS,0,240506,102841,115260,1
RTS,0,240506,102841,115270,4
RTS,0,240506,102841,115270,1
RTS,0,240506,102844,115280,1
RTS,0,240506,102851,115270,1
RTS,0,240506,102853,115260,4
RTS,0,240506,102854,115270,1
RTS,0,240506,102855,115250,4
RTS,0,240506,102856,115250,4
RTS,0,240506,102856,115250,1
RTS,0,240506,102856,115250,1
RTS,0,240506,102856,115250,1
RTS,0,240506,102856,115250,7
RTS,0,240506,102856,115250,35
RTS,0,240506,102856,115250,2
RTS,0,240506,102856,115250,3
RTS,0,240506,102856,115250,1
RTS,0,240506,102856,115240,1
RTS,0,240506,102856,115240,7
RTS,0,240506,102856,115240,1
RTS,0,240506,102856,115240,3
RTS,0,240506,102856,115240,1
RTS,0,240506,102856,115240,7
RTS,0,240506,102856,115240,1
RTS,0,240506,102856,115230,1
RTS,0,240506,102856,115230,1
RTS,0,240506,102856,115230,6
RTS,0,240506,102856,115230,1
RTS,0,240506,102856,115230,1
RTS,0,240506,102856,115230,1
RTS,0,240506,102856,115230,1
RTS,0,240506,102856,115230,1
RTS,0,240506,102856,115230,4
RTS,0,240506,102856,115230,1
RTS,0,240506,102856,115230,1
RTS,0,240506,102856,115230,1
RTS,0,240506,102856,115220,1
RTS,0,240506,102856,115220,1
RTS,0,240506,102856,115220,4
RTS,0,240506,102856,115220,3
RTS,0,240506,102856,115220,1
RTS,0,240506,102856,115230,1
RTS,0,240506,102856,115220,1
RTS,0,240506,102856,115220,1
RTS,0,240506,102856,115220,1
RTS,0,240506,102856,115220,3
RTS,0,240506,102856,115220,1
RTS,0,240506,102856,115210,1
RTS,0,240506,102856,115210,1
RTS,0,240506,102859,115210,7
RTS,0,240506,102859,115210,2
RTS,0,240506,102900,115200,1
RTS,0,240506,102900,115200,2
RTS,0,240506,102900,115200,1
RTS,0,240506,102900,115200,1
RTS,0,240506,102900,115200,1
RTS,0,240506,102900,115190,1
RTS,0,240506,102900,115190,1
RTS,0,240506,102900,115190,1
RTS,0,240506,102900,115190,1
RTS,0,240506,102900,115190,1
RTS,0,240506,102900,115190,1
RTS,0,240506,102900,115190,1
RTS,0,240506,102901,115180,2
RTS,0,240506,102901,115180,1
RTS,0,240506,102901,115180,1
RTS,0,240506,102901,115180,1
RTS,0,240506,102901,115180,1
RTS,0,240506,102901,115180,1
RTS,0,240506,102901,115180,1
RTS,0,240506,102903,115170,1
RTS,0,240506,102903,115170,1
RTS,0,240506,102903,115170,1
RTS,0,240506,102903,115170,1
RTS,0,240506,102903,115170,1
RTS,0,240506,102903,115170,1
RTS,0,240506,102903,115170,1
RTS,0,240506,102904,115170,2
RTS,0,240506,102904,115170,1
RTS,0,240506,102904,115170,1
RTS,0,240506,102904,115170,1
RTS,0,240506,102904,115170,1
RTS,0,240506,102904,115170,1
RTS,0,240506,102904,115170,1
RTS,0,240506,102904,115170,1
RTS,0,240506,102904,115170,1
RTS,0,240506,102904,115170,2
RTS,0,240506,102904,115170,1
RTS,0,240506,102904,115170,1
RTS,0,240506,102904,115180,1
RTS,0,240506,102904,115170,1
RTS,0,240506,102904,115170,1
RTS,0,240506,102904,115180,1
RTS,0,240506,102905,115180,2
RTS,0,240506,102909,115180,1
RTS,0,240506,102911,115190,3
RTS,0,240506,102917,115180,1
RTS,0,240506,102917,115190,4
RTS,0,240506,102917,115190,6
RTS,0,240506,102917,115190,3
RTS,0,240506,102917,115190,5
RTS,0,240506,102917,115190,1
RTS,0,240506,102918,115180,3
RTS,0,240506,102918,115180,1
RTS,0,240506,102918,115180,1
RTS,0,240506,102918,115180,1
RTS,0,240506,102918,115180,1
RTS,0,240506,102918,115180,3
RTS,0,240506,102926,115190,1
RTS,0,240506,102926,115190,3
RTS,0,240506,102926,115190,9
RTS,0,240506,102926,115190,1
RTS,0,240506,102926,115190,1
RTS,0,240506,102926,115190,1
RTS,0,240506,102927,115190,1
RTS,0,240506,102927,115190,1
RTS,0,240506,102927,115190,1
RTS,0,240506,102927,115190,2
RTS,0,240506,102928,115200,5
RTS,0,240506,102928,115200,1
RTS,0,240506,102932,115200,1
RTS,0,240506,102932,115200,1
RTS,0,240506,102932,115200,3
RTS,0,240506,102932,115190,3
RTS,0,240506,102932,115190,1
RTS,0,240506,102932,115190,1
RTS,0,240506,102934,115200,1
RTS,0,240506,102939,115200,1
RTS,0,240506,102952,115200,1
RTS,0,240506,102954,115210,1
RTS,0,240506,102954,115210,1
RTS,0,240506,102954,115210,1
RTS,0,240506,102954,115210,1
RTS,0,240506,102954,115210,1
RTS,0,240506,102954,115220,1
RTS,0,240506,102954,115220,1
RTS,0,240506,102954,115220,1
RTS,0,240506,102954,115230,1
RTS,0,240506,102954,115230,1
RTS,0,240506,102954,115230,1
RTS,0,240506,102954,115240,1
RTS,0,240506,102954,115240,1
RTS,0,240506,102955,115240,1
RTS,0,240506,102955,115240,1
RTS,0,240506,102955,115240,4
RTS,0,240506,102955,115240,1
RTS,0,240506,102955,115240,1
RTS,0,240506,102955,115240,4
RTS,0,240506,102955,115240,1
RTS,0,240506,102959,115220,1
RTS,0,240506,102959,115220,3
RTS,0,240506,102959,115220,1
RTS,0,240506,102959,115210,1
RTS,0,240506,102959,115210,1
RTS,0,240506,102959,115210,1
RTS,0,240506,102959,115210,2
RTS,0,240506,102959,115210,1
RTS,0,240506,102959,115220,1
RTS,0,240506,103000,115220,2
RTS,0,240506,103001,115230,1
RTS,0,240506,103001,115220,1
RTS,0,240506,103001,115210,1
RTS,0,240506,103001,115210,4
RTS,0,240506,103001,115210,1
RTS,0,240506,103001,115210,4
RTS,0,240506,103001,115200,1
RTS,0,240506,103001,115200,2
RTS,0,240506,103001,115200,3
RTS,0,240506,103003,115190,3
RTS,0,240506,103003,115180,3
RTS,0,240506,103003,115180,2
RTS,0,240506,103004,115190,1
RTS,0,240506,103007,115180,1
RTS,0,240506,103007,115180,2
RTS,0,240506,103007,115180,1
RTS,0,240506,103007,115180,1
RTS,0,240506,103009,115170,2
RTS,0,240506,103009,115170,1
RTS,0,240506,103009,115170,2
RTS,0,240506,103009,115170,1
RTS,0,240506,103009,115180,1
RTS,0,240506,103009,115170,1
RTS,0,240506,103010,115180,1
RTS,0,240506,103010,115180,1
RTS,0,240506,103010,115180,1
RTS,0,240506,103010,115190,1
RTS,0,240506,103010,115190,3
RTS,0,240506,103010,115190,1
RTS,0,240506,103010,115190,1
RTS,0,240506,103010,115190,1
RTS,0,240506,103010,115190,2
RTS,0,240506,103010,115190,1
RTS,0,240506,103010,115190,1
RTS,0,240506,103010,115190,4
RTS,0,240506,103010,115190,2
RTS,0,240506,103010,115200,1
RTS,0,240506,103010,115200,1
RTS,0,240506,103010,115200,1
RTS,0,240506,103010,115200,3
RTS,0,240506,103010,115200,2
RTS,0,240506,103010,115200,1
RTS,0,240506,103010,115200,1
RTS,0,240506,103010,115200,1
RTS,0,240506,103010,115200,4
RTS,0,240506,103010,115200,1
RTS,0,240506,103010,115200,1
RTS,0,240506,103010,115200,1
RTS,0,240506,103010,115200,4
RTS,0,240506,103010,115200,3
RTS,0,240506,103013,115190,1
RTS,0,240506,103013,115170,1
RTS,0,240506,103020,115170,3
RTS,0,240506,103020,115170,2
RTS,0,240506,103020,115180,1
RTS,0,240506,103020,115170,4
RTS,0,240506,103020,115170,1
RTS,0,240506,103022,115180,1
RTS,0,240506,103022,115180,1
RTS,0,240506,103026,115180,1
RTS,0,240506,103034,115190,1
RTS,0,240506,103036,115180,1
RTS,0,240506,103041,115200,1
RTS,0,240506,103041,115200,4
